=LDR  02540cas a2200589 a 4500
=001  000132191
=003  Uk
=005  20211208091800.0
=007  ta
=008  871021d19642000enkar\\\\\\\\\0\\\a0eng\\
=019  x\$a0130280003
=022  0\$a0307-2274
=040  \\$aUk$cUk
=082  04$a378.006217124
=110  2\$aAssociation of Commonwealth Universities.
=210  0\$aAnnu. rep. Counc. - Assoc. Commonw. Univ.
=222  \0$aAnnual report of the Council - Association of Commonwealth Universities
=245  10$aAnnual report of the Council together with the accounts of the Association for the year ... /$cthe Association of Commonwealth Universities.
=246  1\$iTitle varies slightly, 1997/1998-:$aAnnual report of the Council and the accounts of the Association for the year ...
=246  14$aAnnual report of the Council$f1963/1964-<1969/1970>
=246  14$aAnnual report$f<1987/1988>-1997/1998
=246  14$aACU annual report$f1998/1999-
=260  \\$aLondon :$bAssociation of Commonwealth Universities,$c1964-
=300  \\$avolumes ;$c24-30 cm
=310  \\$aAnnual
=336  \\$atext$2rdacontent
=337  \\$aunmediated$2rdamedia
=338  \\$avolume$2rdacarrier
=540  \\$aBritish Library not licensed to copy$c0$5Uk
=610  20$aAssociation of Commonwealth Universities$vPeriodicals.
=650  \0$aEducation, Higher$zCommonwealth countries$vPeriodicals.
=780  00$aAssociation of Universities of the British Commonwealth.$tReport of the Executive Council together with the accounts of the Association
=852  41$aBritish Library$bHMNTS$jP.521/781$31968/1969-1999/2000***UKRR-Excluded-Not Selected
=985  \\$aUpgraded by BSS-generated file for WR1910-0531
=985  \\$aISSN responsibility taken by ISSN International Centre 18/4/07
=CAT  \\$aCONV$b00$c20040502$lBLL01$h0851
=CAT  \\$aBATCH$b00$c20091125$lBLL01$h2346
=CAT  \\$aWR11_211$c20120829$lBLL01$h1603
=CAT  \\$aBLSS-CORR$b00$c20120829$lBLL01$h1631
=CAT  \\$aW1910-0531$b00$c20200313$lBLL01$h1752
=CAT  \\$a8874$b40$c20211208$lBLL01$h0918
=CFI  0\$aBritish Library not licensed to copy$c0$e01-jan-2021$hC$iCFP Excluded$5Uk
=CFI  2\$aPrevious Copyright Fee: GBP20.00$c0$e01-oct-2020$fGBP20.00$g0$hC$5Uk
=FIN  \\$aY
=FMT  \\$a  SE
=LAS  \\$a8874$b40$c20211208$lBLL01$h0918
=LEO  \\$aMP1.0000150912
=LEO  \\$aMP22.0000019952
=SRC  \\$aISN01$bbibmp22.200404.2.aa
=SRC  \\$aDSS04$bbibld.200404.2.aa
=SRC  \\$aBLS01$bbibmp1.200404.2.aa
=TCO  \\$aZZZ$c008

