=LDR  02740cas a2200685ua 4500
=001  000132193
=003  Uk
=005  20201231163500.0
=007  ta
=008  871021d19721980enkgr\\\\\\\\o0\\\a0eng\\
=019  x\$a013028002X
=019  c\$a2031265
=022  0\$a0305-8697
=040  \\$aUk$cUk$dUk
=082  04$a370.19/63$218
=210  0\$aAwards commonw. univ. staff
=222  \0$aAwards for Commonwealth university staff
=245  00$aAwards for Commonwealth university staff :$bfellowships, visiting professorships, grants, etc. open to university staff, etc.
=260  \\$aLondon :$bAssociation of Commonwealth Universities,$c1971-
=300  \\$av. ;$c24 cm.
=336  \\$atext$2rdacontent
=337  \\$aunmediated$2rdamedia
=338  \\$avolume$2rdacarrier
=540  \\$aBritish Library not licensed to copy$c0$5Uk
=710  2\$aAssociation of Commonwealth Universities.
=785  00$tAwards for Commonwealth university academic staff$x0144-4611
=852  41$aBritish Library$bHMNTS$jP.521/1169.$31972/74-
=852  41$aBritish Library$bDSC$j1840.550000
=945  \\$aAwards for Commonwealth university staff.
=959  \\$fHeld but not currently received
=985  \\$aISSN responsibility taken by ISSN International Centre 18/4/07
=985  \\$aCorrected by MS generated file for WR# 11.211
=985  \\$aCorrected by BSS-generated file for WR# 10/166
=ACF  \\$aBritish Library not licensed to copy$c0$e01-oct-2012$hC$iCFP Excluded$5Uk
=ACF  \\$aBritish Library not licensed to copy$c0$e01-jan-2014$hC$iCFP Excluded$5Uk
=ACF  \\$aBritish Library not licensed to copy$c0$e01-jul-2014$hC$iCFP Excluded$5Uk
=CAT  \\$aCONV$b00$c20040502$lBLL01$h0851
=CAT  \\$aBATCH$b00$c20091125$lBLL01$h2346
=CAT  \\$aWR11_211$c20120829$lBLL01$h1603
=CAT  \\$aBLSS-CORR$b00$c20120829$lBLL01$h1631
=CAT  \\$a6537$b40$c20140113$lBLL01$h0915
=CAT  \\$a6537$b40$c20140113$lBLL01$h0925
=CAT  \\$aBATCH-CLA$b00$c20140530$lBLL01$h1710
=CAT  \\$aIPL-CLA$c20140630$lBLL01$h1603
=CAT  \\$aBATCH-CLA$b00$c20200903$lBLL01$h1620
=CAT  \\$aIPL-CLA$c20200930$lBLL01$h1636
=CAT  \\$aBATCH-CLA$b00$c20201126$lBLL01$h1418
=CAT  \\$aIPL-CLA$c20201231$lBLL01$h1635
=CFI  0\$aBritish Library not licensed to copy$c0$e01-jan-2021$hC$iCFP Excluded$5Uk
=CFI  2\$aPrevious Copyright Fee: GBP20.00$c0$e01-oct-2020$fGBP20.00$g0$hC$5Uk
=FIN  \\$aY
=FMT  \\$a  SE
=LAS  \\$aIPL-CLA$b00$c20201231$lBLL01$h1635
=LEO  \\$aMP1.0000150914
=LEO  \\$aMP10.0000085821
=LEO  \\$aMP22.0000018653
=SRC  \\$aBLS01$bbibmp1.200404.2.aa
=SRC  \\$aISN01$bbibmp22.200404.2.aa
=SRC  \\$aDSS01$bbibmp10.200404.2.aa
=TCO  \\$aZZZ$c008

