=LDR  02012cas a22005297a 4500
=001  001126383
=003  Uk
=005  20220127160252.0
=007  ta
=008  880629c192u9999enkar\p\\\\\\\0\\\a0eng\\
=019  x\$a0992810248
=022  \\$a2754-5679
=040  \\$aUk$cUk$dUk
=110  2\$aGeneral Assembly of Unitarian and Free Christian Churches.
=222  \0$aAnnual reports$b(General Assembly of Unitarian and Free Christian Churches. Print)
=245  10$aAnnual report :$bSubmitted at the annual meeting of the Assembly ...
=264  \1$aLondon :$b[General Assembly of Unitarian and Free Christian Churches]
=300  \\$c(8º)
=336  \\$atext$2rdacontent
=337  \\$aunmediated$2rdamedia
=338  \\$avolume$2rdacarrier
=340  \\$m8vo$2rdabf
=500  \\$aBegan in 1929?
=776  08$iContinued online:$aGeneral Assembly of Unitarian and Free Christian Churches.$tAnnual reports$x2754-5660
=852  41$aBritish Library$bHMNTS$jA.R.508.$32nd (1930)- ; wanting 1979-2003; 2004-2017
=985  \\$aCorrected by MS generated file for WR# 1805-0738
=985  \\$aISSN responsibility passed to IC (International Organisation) (20/01/22)
=CAT  \\$aCONV$b00$c20040502$lBLL01$h0914
=CAT  \\$a11187$b40$c20050902$lBLL01$h1357
=CAT  \\$a8201$b40$c20060720$lBLL01$h1452
=CAT  \\$a8201$b40$c20060720$lBLL01$h1453
=CAT  \\$aBATCH$b00$c20091128$lBLL01$h1851
=CAT  \\$a8874$b40$c20100621$lBLL01$h0757
=CAT  \\$a1805-0738$c20180928$lBLL01$h1821
=CAT  \\$a1805-0738$b00$c20180928$lBLL01$h1859
=CAT  \\$a10806$b40$c20220118$lBLL01$h1510
=CAT  \\$a10806$b40$c20220118$lBLL01$h1511
=CAT  \\$a10806$b40$c20220118$lBLL01$h1512
=CAT  \\$a10806$b40$c20220121$lBLL01$h1158
=CAT  \\$a3072$b40$c20220127$lBLL01$h1557
=CAT  \\$a3072$b40$c20220127$lBLL01$h1602
=FIN  \\$aY
=FMT  \\$a  SE
=LAS  \\$a3072$b40$c20220127$lBLL01$h1602
=LEO  \\$aMP1.0001182889
=SRC  \\$aBLS01$bbibmp1.200404.2.ab
=TCO  \\$aCLA$bCLA$c008

