=LDR  03844cas a22009133  4500
=001  005463476
=003  Uk
=005  20230511162532.0
=008  040409c19949999cc\qr\p\\\\\\\0\\\a0eng\\
=019  c\$a2587584
=022  0\$a1024-9079
=040  \\$aUk$beng$cUk
=046  \\$at
=082  04$a616.02505$222$qUK-WkNB
=210  0\$aHong Kong j. emerg. med.
=222  \0$aHong Kong journal of emergency medicine
=245  00$aHong Kong journal of emergency medicine.
=260  \\$aHong Kong :$bHong Kong Society For Emergency Medicine and Surgery,$c1994-
=336  \\$atext$2rdacontent
=337  \\$aunmediated$2rdamedia
=338  \\$avolume$2rdacarrier
=540  \\$aCurrent Copyright Fee: zero$c19\0$5Uk
=595  \\$aSee also card index.
=776  08$iAlso issued online as:$tHong Kong journal of emergency medicine.$x2309-5407
=852  41$aBritish Library$bDSC$j4326.385655$3Vol. 11, no. 1 (2004)-v. 24, no. 4 (2017)
=856  \\$31850-9999$uhttp://www.uk.sagepub.com/home.nav$xBLDSS
=945  \\$aHong Kong Journal of Emergency Medicine
=959  \\$fHeld but not currently received
=985  \\$aCONFERENCE ANALYTIC RECORDS EXIST
=985  \\$aCorrected by BSS-generated file for WR# 10/166
=985  \\$aCorrected by MS generated file for WR# 12.018
=985  \\$aISSN responsibility transfer from IC to UK in process - print copy due soon (Richard (10/10/17))
=A02  \\$a2587584
=ACF  \\$aPrevious Copyright Fee: GBP22.60$c0$e01-jul-2012$fGBP22.60$g0$hC$5Uk
=ACF  \\$aPrevious copyright fee: GBP10.50$c0$e01-jan-2011$fGBP10.50$g0$hA$5Uk
=ACF  \\$aPrevious Copyright Fee: GBP13.00$c0$e01-jul-2005$fGBP13.00$g0$hC$5Uk
=ACF  \\$aPrevious Copyright Fee: GBP13.00$c0$e01-apr-2005$fGBP13.00$g0$hC$5Uk
=ACF  \\$aPrevious Copyright Fee: GBP13.00$c0$e01-jan-2005$fGBP13.00$g0$hC$5Uk
=ACF  \\$aPrevious Copyright Fee: GBP13.00$c0$e01-oct-2004$fGBP13.00$g0$hC$5Uk
=ACF  \\$aBritish Library not licensed to copy$c0$e01-jul-2003$g0$hC$iCLA-excluded$5Uk
=ACF  \\$aCurrent copyright fee: GBP5.00$c0$e01-oct-2002$fGBP5.00$g0$hC$5Uk
=CAT  \\$aCONV$b00$c20040502$lBLL01$h1101
=CAT  \\$aBATCH$b00$c20091205$lBLL01$h2357
=CAT  \\$aBLSS-CORR$b00$c20101119$lBLL01$h1711
=CAT  \\$aBATCH-UPD$b00$c20101201$lBLL01$h1201
=CAT  \\$aIPL-CLA$c20101231$lBLL01$h1125
=CAT  \\$aBATCH-UPD$b00$c20110907$lBLL01$h1747
=CAT  \\$aIPL-CLA$c20110908$lBLL01$h1659
=CAT  \\$a8342$b40$c20111018$lBLL01$h1101
=CAT  \\$aWR11_155$c20120104$lBLL01$h1849
=CAT  \\$aWR11_155$c20120104$lBLL01$h1900
=CAT  \\$aBATCH-CLA$b00$c20120531$lBLL01$h1706
=CAT  \\$aIPL-CLA$c20120629$lBLL01$h0941
=CAT  \\$aBLSS-CORR$b00$c20120724$lBLL01$h1754
=CAT  \\$aBATCH-CLA$b00$c20120831$lBLL01$h1540
=CAT  \\$aIPL-CLA$c20120930$lBLL01$h1947
=CAT  \\$aBATCH-CLA$b00$c20121102$lBLL01$h1751
=CAT  \\$aWR13.005$c20130329$lBLL01$h1228
=CAT  \\$a5410$b40$c20150605$lBLL01$h0949
=CAT  \\$a10806$b40$c20171010$lBLL01$h0958
=CAT  \\$a10806$b40$c20171010$lBLL01$h1048
=CAT  \\$a5552$b40$c20171023$lBLL01$h0911
=CAT  \\$aBLDSS-3PM$b00$c20171103$lBLL01$h1128
=CAT  \\$aBATCH-UPD$b00$c20171103$lBLL01$h1128
=CAT  \\$a5997$b40$c20180213$lBLL01$h1449
=CAT  \\$a5997$b40$c20180213$lBLL01$h1454
=CAT  \\$a11385$b40$c20181120$lBLL01$h1444
=CAT  \\$aBATCH-FIX$c20230511$lBLL01$h1625
=CFI  0\$aCurrent Copyright Fee: zero$c19\0$e23-oct-2017$fGBP0.00$g0$hP$5Uk
=CFI  2\$aPrevious Copyright Fee: GBP22.60$c0$e01-oct-2012$fGBP22.60$g0$hC$5Uk
=FFP  \\$aY$bBLDSS-3PM
=FIN  \\$aY
=FMT  \\$a  SE
=LAS  \\$aBATCH-FIX$b00$c20230511$lBLL01$h1625
=LEO  \\$aMP10.0000268856
=SRC  \\$aDSS01$bbibmp10.200404.2.aa
=TCO  \\$aZZZ$c008
=TOC  \\$aETOC
=UNO  \\$aY

