=LDR  04196cas a2200961 a 4500
=001  005466480
=003  Uk
=005  20230210003910.0
=007  ta
=008  040409d198u2019enktr\p\\\\\\\0\\\a0eng\\
=019  c\$a2571116
=022  0\$a1026-4329
=040  \\$aUk$beng$cUk$dUk
=042  \\$aukblsr
=082  04$a428.0071$222$qUK-WkNB
=130  0\$aIndependence (Canterbury, England)
=222  \0$aIndependence$b(Whitstable)
=245  10$aIndependence :$bnewsletter of the IATEFL Learner Independence Special Interest Group.
=260  \\$a[Canterbury] :$bIATEFL Learner Independence Special Interest Group
=300  \\$av. ;$c30 cm.
=336  \\$atext$2rdacontent
=337  \\$aunmediated$2rdamedia
=338  \\$avolume$2rdacarrier
=362  0\$a-Issue 77 (Oct./Nov. 2019).
=500  \\$aDescription based on: Issue 34 (autumn 2003).
=540  \\$aCurrent Copyright Fee: GBP25.00$c0$5Uk
=595  \\$aSEE CARD INDEX.
=650  \0$aEnglish language$xStudy and teaching$xForeign speakers$vPeriodicals.
=650  \0$aIndependent study$vPeriodicals.
=650  \0$aSelf-managed learning$vPeriodicals.
=710  2\$32007-$aIATEFL Learner Independence Special Interest Group,$eissuing body.
=710  2\$3-2006$aIATEFL Learner Autonomy Special Interest Group,$eissuing body.
=776  08$iContinued online:$tIndependence (Canterbury, England)$x2412-6640
=852  41$aBritish Library$bHMNTS$jZK.9.b.24110$3Issue 34 Autumn 2003-issue 77(2019:Oct./Nov.)***Title now taken as electronic copy only
=945  \\$aINDEPENDENCE -WHITSTABLE-.
=979  \\$aBritish Library$bDSC$j4375.876113N
=985  \\$aCorrected by MS generated file for WR# 12.018
=985  \\$aISSN responsibility held by ISSN International Centre - 21.11.06
=A02  \\$a2571116
=ACF  \\$aPrevious copyright fee: GBP5.00$c0$e01-oct-2002$fGBP5.00$g0$hC$5Uk
=ACF  \\$aPrevious copyright fee: GBP10.50$c0$e01-jan-2011$fGBP10.50$g0$hA$5Uk
=ACF  \\$aPrevious copyright fee: GBP12.00$c0$e01-jan-2012$fGBP12.00$g0$hA$5Uk
=ACF  \\$aPrevious Copyright Fee: GBP12.30$c0$e01-jan-2014$fGBP12.30$g0$hA$5Uk
=ACF  \\$aPrevious Copyright Fee: GBP15.00$c0$e01-jan-2017$fGBP15.00$g0$hC$5Uk
=ACF  \\$aPrevious Copyright Fee: GBP17.50$c0$e01-jan-2018$fGBP17.50$g0$hC$5Uk
=ACF  \\$aPrevious Copyright Fee: GBP20.00$c0$e01-jan-2020$fGBP20.00$g0$hC$5Uk
=ACF  \\$aPrevious Copyright Fee: GBP22.50$c0$e01-jan-2021$fGBP22.50$g0$hC$5Uk
=CAT  \\$aCONV$b00$c20040502$lBLL01$h1101
=CAT  \\$a11316$b40$c20061117$lBLL01$h1546
=CAT  \\$a11316$b40$c20061121$lBLL01$h0939
=CAT  \\$a11316$b40$c20061123$lBLL01$h0914
=CAT  \\$a9572$b40$c20061127$lBLL01$h1133
=CAT  \\$aBATCH$b00$c20091205$lBLL01$h2359
=CAT  \\$aBATCH-UPD$b00$c20101201$lBLL01$h1201
=CAT  \\$aIPL-CLA$c20101231$lBLL01$h1126
=CAT  \\$aWR11_203$c20111204$lBLL01$h1233
=CAT  \\$aIPL-CLA$c20111230$lBLL01$h1631
=CAT  \\$aBLSS-CORR$b00$c20120724$lBLL01$h1754
=CAT  \\$aBATCH-CLA$b00$c20121102$lBLL01$h1751
=CAT  \\$aWR13.005$c20130329$lBLL01$h1230
=CAT  \\$aBATCH-CLA$c20131211$lBLL01$h1818
=CAT  \\$aIPL-CLA$c20131231$lBLL01$h1609
=CAT  \\$aBATCH-CLA$b00$c20161130$lBLL01$h1623
=CAT  \\$aIPL-CLA$c20161230$lBLL01$h1514
=CAT  \\$aBATCH-CLA$b00$c20171130$lBLL01$h1703
=CAT  \\$aIPL-CLA$c20171231$lBLL01$h1104
=CAT  \\$aBATCH-CLA$b00$c20191129$lBLL01$h1615
=CAT  \\$aIPL-CLA$c20191231$lBLL01$h1525
=CAT  \\$aBATCH-CLA$b00$c20201126$lBLL01$h1412
=CAT  \\$aIPL-CLA$c20201231$lBLL01$h1651
=CAT  \\$a8124$b40$c20210420$lBLL01$h1443
=CAT  \\$aBATCH-CLA$b00$c20221130$lBLL01$h1451
=CAT  \\$aIPL-CLA$c20221231$lBLL01$h1614
=CAT  \\$aBATCH-CLA$b00$c20230209$lBLL01$h1538
=CAT  \\$aIPL-CLA$c20230210$lBLL01$h0039
=CFI  0\$aCurrent Copyright Fee: GBP25.00$c0$e09-feb-2023$fGBP25.00$g0$hC$5Uk
=CFI  2\$aBritish Library not licensed to copy$c0$e01-jan-2023$hC$iCFP Excluded$5Uk
=FIN  \\$aY$d20061123
=FMT  \\$a  SE
=LAS  \\$aIPL-CLA$b00$c20230210$lBLL01$h0039
=LEO  \\$aMP10.0000279801
=SRC  \\$aDSS01$bbibmp10.200404.2.aa
=TCO  \\$aCLA$bCLA$c008

