=LDR  04355cas a22009737a 4500
=001  005488344
=003  Uk
=005  20230825081011.0
=008  020408c20019999gr\fr\p\\\\\\\0\\\a0eng\d
=010  \\$a2002262037
=019  c\$a3007028
=022  \\$a1108-9628
=035  \\$a(OCoLC)49537581
=040  \\$aCGU$cCGU$dUk
=043  \\$amm-----
=050  \4$aDE1$b.M43
=222  \0$aMediterranean archaeology & archaeometry. International journal$b(Print)
=245  00$aMediterranean archaeology & archaeometry :$binternational journal.
=246  3\$aMediterranean archaeology and archaeometry
=260  \\$aRhodes, Greece :$bUniversity of the Aegean, Department of Mediterranean Studies,$cc2001-
=300  \\$av. ;$c25 cm.
=310  \\$aSemiannual.
=336  \\$atext$2rdacontent
=337  \\$aunmediated$2rdamedia
=338  \\$avolume$2rdacarrier
=362  0\$aVol. 1, no. 1 (2001)-
=500  \\$aLatest issue consulted: Vol. 6, no. 1 (2006)
=500  \\$aTitle from cover.
=530  \\$aAlso available on the Internet.
=540  \\$aBritish Library not licensed to copy$c0$5Uk
=651  \0$aMediterranean Region$xAntiquities$vPeriodicals.
=710  2\$aPanepistēmio Aigaiou (Athens, Greece).$bDepartment of Mediterranean Studies.
=776  08$iAlso issued online as:$tMediterranean archaeology and archaeometry$x2241-8121
=852  41$aBritish Library$bDSC$j5534.722500$3Vol. 6, no. 1 (2006)-v. 9, no. 2 (2009)
=945  \\$aMediterranean archaeology and archaeometry
=959  \\$fHeld but not currently received
=985  \\$aRecord amended for WR# 13/070
=985  \\$aISSN UK CENTRE NOTE. 2023- published by UK Zhende Publishing. New publisher sending copy to Richard Brown. ISSN responsibility transfer has already been agreed with ISSN Greece and Portal responsibility has been updated. Online ISSN 2241-8121 has already been updated (Richard, 25/08/23)
=A02  \\$a3007028
=ACF  \\$aBritish Library not licensed to copy$c0$e01-apr-2012$hC$iCLA Excluded$5Uk
=ACF  \\$aBritish Library not licensed to copy$c0$e01-jan-2012$hC$iCLA Excluded$5Uk
=ACF  \\$aBritish Library not licensed to copy$c0$e01-oct-2011$hC$iCLA Excluded$5Uk
=ACF  \\$aPrevious copyright fee: GBP10.50$c0$e01-jan-2011$fGBP10.50$g0$hA$5Uk
=ACF  \\$aPrevious copyright fee: GBP9.00$c0$e01-apr-2010$fGBP9.00$g0$hA$5Uk
=ACF  \\$aPrevious copyright fee: GBP6.00$c0$e01-apr-2008$fGBP6.00$g0$hA$5Uk
=ACF  \\$aPrevious copyright fee: GBP5.00$c0$e30-sep-2002$fGBP5.00$g0$hA$5Uk
=CAT  \\$aCONV$b00$c20040502$lBLL01$h1102
=CAT  \\$aBATCH-UPD$b00$c20090207$lBLL01$h1657
=CAT  \\$aCDS08-UPD$b40$c20090804$lBLL01$h1918
=CAT  \\$aBATCH-UPD$b40$c20100225$lBLL01$h2239
=CAT  \\$aBATCH-UPD$b40$c20100331$lBLL01$h2028
=CAT  \\$aBATCH-UPD$b40$c20100401$lBLL01$h0005
=CAT  \\$aBATCH$b00$c20100401$lBLL01$h0320
=CAT  \\$aBATCH$b00$c20100401$lBLL01$h1316
=CAT  \\$aBATCH-UPD$b00$c20101124$lBLL01$h1711
=CAT  \\$aBATCH-UPD$b00$c20101125$lBLL01$h0932
=CAT  \\$aIPL-CLA$c20101231$lBLL01$h1129
=CAT  \\$aBATCH-CLA$b00$c20110831$lBLL01$h1801
=CAT  \\$aIPL-CLA$c20110930$lBLL01$h1459
=CAT  \\$aBATCH-CLA$b00$c20111130$lBLL01$h1154
=CAT  \\$aIPL-CLA$c20111230$lBLL01$h1633
=CAT  \\$aBATCH-CLA$b00$c20120229$lBLL01$h1558
=CAT  \\$aIPL-CLA$c20120330$lBLL01$h1345
=CAT  \\$aBATCH-CLA$b00$c20120531$lBLL01$h1716
=CAT  \\$aIPL-CLA$c20120629$lBLL01$h0941
=CAT  \\$aBATCH-CLA$b00$c20120831$lBLL01$h1544
=CAT  \\$aIPL-CLA$c20120930$lBLL01$h1948
=CAT  \\$aBATCH-CLA$b00$c20121103$lBLL01$h1040
=CAT  \\$aWR12_128$c20121113$lBLL01$h1841
=CAT  \\$aWR12_168$c20121206$lBLL01$h1807
=CAT  \\$aWR13.005$c20130329$lBLL01$h1247
=CAT  \\$aWR13_070$b00$c20130504$lBLL01$h0129
=CAT  \\$a10806$b40$c20230825$lBLL01$h0802
=CAT  \\$a10806$b40$c20230825$lBLL01$h0809
=CAT  \\$a10806$b40$c20230825$lBLL01$h0810
=CFI  0\$aBritish Library not licensed to copy$c0$e01-oct-2012$hC$iCFP Excluded$5Uk
=CFI  2\$aBritish Library not licensed to copy$c0$e01-jul-2012$hC$iCLA Excluded$5Uk
=FIN  \\$aY
=FMT  \\$a  SE
=LAS  \\$a10806$b40$c20230825$lBLL01$h0810
=LEO  \\$aMP10.0000365316
=SID  \\$aZ39$bOCLC
=SRC  \\$aDSS01$bbibmp10.200404.2.aa
=TCO  \\$aXXX$c008

