=LDR  05150cas a2201141 a 4500
=001  005505967
=003  Uk
=005  20230210003925.0
=007  ta
=008  040409c19929999enkfr\p\\\\\\\0\\\a0eng\\
=019  c\$a2543796
=022  0\$a1038-2909
=040  \\$aUk$beng$cUk$dUk
=042  \\$aukblsr
=082  04$a781.63$222
=222  \0$aPerfect beat$b(Print)
=245  00$aPerfect beat.
=246  1\$aPerfectbeat
=260  \\$aUmina, N.S.W. :$bPerfect Beat
=260  3\$32009-$aLondon :$bEquinox,
=300  \\$av. :$bill. ;$c24 cm.
=310  \\$aSemiannual
=336  \\$atext$2rdacontent
=337  \\$aunmediated$2rdamedia
=338  \\$avolume$2rdacarrier
=362  1\$aBegan in 1992.
=500  \\$a"The pacific journal of research into contemporary music and popular culture".
=540  \\$aCurrent Copyright Fee: GBP25.00$c0$5Uk
=588  \\$aDescription based on: Vol. 11.1 (2010).
=595  \\$aSee card index.
=650  \0$aPopular music$xPeriodicals.
=650  \0$aPopular culture$xPeriodicals.
=650  \0$aPopular music$zPacific Area$xPeriodicals.
=650  \0$aPopular culture$zPacific Area$xPeriodicals.
=710  2\$aMacquarie University.$bDepartment of Contemporary Music Studies.
=776  08$iAlso issued online as:$tPerfect beat$x1836-0343
=852  41$aBritish Library$bHMNTS$jZK.9.a.12331$3Vol. 11, no. 1 (2010)-[2014]- v. 15 n.1 (Jan.2014)***Title now taken as electronic copy only
=945  \\$aPerfect beat
=979  \\$aBritish Library$bDSC$j6423.629850N$xNot selected
=985  \\$aCorrected by BSS-generated file for WR# 10/166
=985  \\$aISSN UK: ISSN responsibility transfer pending from Australia to UK (Richard, 09/01/15)
=A02  \\$a2543796
=ACF  \\$aPrevious Copyright Fee: GBP12.00$c0$e01-apr-2012$fGBP12.00$g0$hC$5Uk
=ACF  \\$aPrevious Copyright Fee: GBP12.00$c0$e01-jan-2012$fGBP12.00$g0$hC$5Uk
=ACF  \\$aPrevious Copyright Fee: GBP10.50$c0$e01-oct-2011$fGBP10.50$g0$hC$5Uk
=ACF  \\$aPrevious Copyright Fee: GBP10.50$c0$e01-jul-2011$fGBP10.50$g0$hC$5Uk
=ACF  \\$aPrevious Copyright Fee: GBP10.50$c0$e01-apr-2011$fGBP10.50$g0$hC$5Uk
=ACF  \\$aPrevious Copyright Fee: GBP10.50$c0$e01-jan-2011$fGBP10.50$g0$hC$5Uk
=ACF  \\$aPrevious Copyright Fee: GBP9.00$c0$e01-oct-2010$fGBP9.00$g0$hC$5Uk
=ACF  \\$aPrevious Copyright Fee: GBP9.00$c0$e01-jul-2010$fGBP9.00$g0$hC$5Uk
=ACF  \\$aPrevious Copyright Fee: GBP9.00$c0$e01-apr-2010$fGBP9.00$g0$hC$5Uk
=ACF  \\$aPrevious Copyright Fee: GBP9.00$c0$e01-Jan-2010$fGBP9.00$g0$hC$5Uk
=ACF  \\$aPrevious Copyright Fee: GBP6.00$c0$e01-oct-2009$fGBP6.00$g0$hC$5Uk
=ACF  \\$aPrevious Copyright Fee: GBP6.00$c0$e01-jul-2009$fGBP6.00$g0$hC$5Uk
=ACF  \\$aPrevious copyright fee: GBP5.00$c0$e01-oct-2002$fGBP5.00$g0$hC$5Uk
=ACF  \\$aPrevious Copyright Fee: GBP12.00$c0$e01-jul-2012$fGBP12.00$g0$hC$5Uk
=ACF  \\$aPrevious Copyright Fee: GBP12.00$c0$e01-oct-2012$fGBP12.00$g0$hC$5Uk
=ACF  \\$aPrevious Copyright Fee: GBP12.30$c0$e01-jan-2014$fGBP12.30$g0$hC$5Uk
=ACF  \\$aPrevious Copyright Fee: GBP15.00$c0$e01-jan-2017$fGBP15.00$g0$hC$5Uk
=ACF  \\$aPrevious Copyright Fee: GBP17.50$c0$e01-jan-2018$fGBP17.50$g0$hC$5Uk
=ACF  \\$aPrevious Copyright Fee: GBP20.00$c0$e01-jan-2020$fGBP20.00$g0$hC$5Uk
=ACF  \\$aPrevious Copyright Fee: GBP22.50$c0$e01-jan-2021$fGBP22.50$g0$hC$5Uk
=CAT  \\$aCONV$b00$c20040502$lBLL01$h1102
=CAT  \\$aBATCH-CLA$b00$c20111130$lBLL01$h1212
=CAT  \\$aIPL-CLA$c20111230$lBLL01$h1636
=CAT  \\$aBATCH-CLA$b00$c20120229$lBLL01$h1604
=CAT  \\$aIPL-CLA$c20120330$lBLL01$h1346
=CAT  \\$aBATCH-CLA$b00$c20120531$lBLL01$h1700
=CAT  \\$aIPL-CLA$c20120629$lBLL01$h0941
=CAT  \\$aBATCH-CLA$b00$c20120831$lBLL01$h1534
=CAT  \\$aIPL-CLA$c20120930$lBLL01$h1948
=CAT  \\$aBATCH-CLA$b00$c20121103$lBLL01$h1039
=CAT  \\$aBATCH-CLA$b00$c20131129$lBLL01$h1642
=CAT  \\$aIPL-CLA$c20131231$lBLL01$h1615
=CAT  \\$a10806$b40$c20150108$lBLL01$h1508
=CAT  \\$a10806$b40$c20150109$lBLL01$h0825
=CAT  \\$a10806$b40$c20150109$lBLL01$h0829
=CAT  \\$a10806$b40$c20150112$lBLL01$h1141
=CAT  \\$aBATCH-CLA$b00$c20161130$lBLL01$h1625
=CAT  \\$aIPL-CLA$c20161230$lBLL01$h1518
=CAT  \\$aBATCH-CLA$b00$c20171130$lBLL01$h1655
=CAT  \\$aIPL-CLA$c20171231$lBLL01$h1107
=CAT  \\$aBATCH-CLA$b00$c20191129$lBLL01$h1620
=CAT  \\$aIPL-CLA$c20191231$lBLL01$h1527
=CAT  \\$aBATCH-CLA$b00$c20201126$lBLL01$h1406
=CAT  \\$aIPL-CLA$c20201231$lBLL01$h1654
=CAT  \\$aBATCH-CLA$b00$c20221130$lBLL01$h1431
=CAT  \\$aIPL-CLA$c20221231$lBLL01$h1616
=CAT  \\$aBATCH-CLA$b00$c20230209$lBLL01$h1518
=CAT  \\$aIPL-CLA$c20230210$lBLL01$h0039
=CFI  0\$aCurrent Copyright Fee: GBP25.00$c0$e09-feb-2023$fGBP25.00$g0$hC$5Uk
=CFI  2\$aBritish Library not licensed to copy$c0$e01-jan-2023$hC$iCFP Excluded$5Uk
=FIN  \\$aY
=FMT  \\$a  SE
=LAS  \\$aIPL-CLA$b00$c20230210$lBLL01$h0039
=LEO  \\$aMP10.0000435041
=SRC  \\$aDSS01$bbibmp10.200404.2.aa
=TCO  \\$aCLA$bCLA$c008

