=LDR  05828cas a2201201 a 4500
=001  005516117
=003  Uk
=005  20221231143132.0
=007  ta
=008  040410c20049999pauqr\p\\\\\\\0\\\a0eng\\
=015  \\$aGBA519937$2bnb
=019  c\$a3024910
=022  0\$a1478-0887
=040  \\$aUk$beng$cUk$dUk
=042  \\$aukblsr
=082  04$a150.72$222
=222  \0$aQualitative research in psychology$b(Print)
=245  00$aQualitative research in psychology.
=260  \\$aLondon :$bArnold,$c2004-
=260  3\$32006-$aLondon :$bSage
=264  31$aPhiladelphia, Pa. :$bTaylor & Francis Group
=300  \\$av. ;$c25 cm.
=336  \\$atext$2rdacontent
=337  \\$aunmediated$2rdamedia
=338  \\$avolume$2rdacarrier
=362  0\$aVol. 1, no. 1 (2004)-
=540  \\$aCurrent copyright fee: GBP37.00$c2\0$5Uk
=588  \\$aLatest issue consulted: volume 11 (2014).
=650  \0$aPsychology$xResearch$vPeriodicals.
=650  \0$aQualitative research$vPeriodicals.
=776  0\$tQualitative research in psychology (Online)$x1478-0895
=852  41$aBritish Library$bDSC$j7168.124410$3Vol. 1, no. 1 (2004)-v. 8, no. 4 (2011)***UKRR Retained Title***Stock incomplete
=852  71$aBritish Library$bHMNTS$jZC.9.a.7170$3Vol. 1, no. 1 (2004)-v. 12, no. 1/4 (2015)***title now taken as electronic copy only
=856  \\$31850-9999$uhttp://www.tandfonline.com/$xBLDSS
=945  \\$aQualitative research in psychology
=959  \\$fHeld but not currently received
=985  \\$aISSN responsibility taken by US ISSN Center, December 23 2014.
=A02  \\$a3024910
=ACF  \\$aPrevious Copyright Fee: GBP17.00$c2\0$e16-mar-2010$fGBP17.00$g0$hP$5Uk
=ACF  \\$aPrevious Copyright Fee: GBP14.50$c0$e01-Jan-2010$fGBP14.50$g0$hC$5Uk
=ACF  \\$aPrevious Copyright Fee: GBP14.50$c0$e01-oct-2009$fGBP14.50$g0$hC$5Uk
=ACF  \\$aPrevious Copyright Fee: GBP17.02$c0$e01-jul-2009$fGBP17.02$g0$hC$5Uk
=ACF  \\$aPrevious Copyright Fee: GBP17.02$c0$e01-apr-2009$fGBP17.02$g0$hC$5Uk
=ACF  \\$aPrevious Copyright Fee: GBP14.50$c0$e01-jan-2009$fGBP14.50$g0$hC$5Uk
=ACF  \\$aPrevious Copyright Fee: GBP6.00$c0$e14-oct-2008$fGBP6.00$g0$hA$5Uk
=ACF  \\$aCurrent Copyright Fee: GBP14.50$c19\0$e20-oct-2006$fGBP14.50$g0$hP$5Uk
=ACF  \\$aCurrent Copyright Fee: GBP10.00$c0$e01-oct-2006$fGBP10.00$g0$hC$5Uk
=ACF  \\$aPrevious Copyright Fee: GBP10.00$c0$e01-jul-2006$fGBP10.00$g0$hC$5Uk
=ACF  \\$aPrevious Copyright Fee: GBP10.00$c0$e01-apr-2006$fGBP10.00$g0$hC$5Uk
=ACF  \\$aPrevious Copyright Fee: GBP10.00$c0$e01-jan-2006$fGBP10.00$g0$hC$5Uk
=ACF  \\$aPrevious Copyright Fee: GBP10.00$c0$e01-oct-2005$fGBP10.00$g0$hC$5Uk
=ACF  \\$aPrevious Copyright Fee: GBP10.00$c0$e01-jul-2005$fGBP10.00$g0$hC$5Uk
=ACF  \\$aPrevious Copyright Fee: GBP10.00$c0$e01-apr-2005$fGBP10.00$g0$hC$5Uk
=ACF  \\$aPrevious Copyright Fee: GBP10.00$c0$e01-jan-2005$fGBP10.00$g0$hC$5Uk
=ACF  \\$aPrevious Copyright Fee: GBP10.00$c0$e01-oct-2004$fGBP10.00$g0$hC$5Uk
=ACF  \\$aPrevious copyright fee: GBP5.00$c0$e27-feb-2004$fGBP5.00$g0$hA$5Uk
=ACF  \\$aPrevious copyright fee: GBP21.00$c2\0$e01-jan-2011$fGBP21.00$g0$hP$5Uk
=ACF  \\$aPrevious copyright fee: GBP23.00$c2\0$e01-jan-2012$fGBP23.00$g0$hP$5Uk
=ACF  \\$aPrevious copyright fee: GBP23.50$c2\0$e01-jan-2013$fGBP23.50$g0$hP$5Uk
=ACF  \\$aPrevious copyright fee: GBP24.00$c2\0$e01-jan-2014$fGBP24.00$g0$hP$5Uk
=ACF  \\$aPrevious copyright fee: GBP25.00$c2\0$e01-jan-2015$fGBP25.00$g0$hP$5Uk
=ACF  \\$aPrevious copyright fee: GBP26.00$c2\0$e01-jan-2016$fGBP26.00$g0$hP$5Uk
=ACF  \\$aPrevious copyright fee: GBP28.00$c2\0$e01-jan-2017$fGBP28.00$g0$hP$5Uk
=ACF  \\$aPrevious copyright fee: GBP30.00$c2\0$e01-jan-2018$fGBP30.00$g0$hP$5Uk
=ACF  \\$aPrevious copyright fee: GBP32.00$c2\0$e01-jan-2019$fGBP32.00$g0$hP$5Uk
=ACF  \\$aPrevious copyright fee: GBP34.00$c2\0$e01-jan-2020$fGBP34.00$g0$hP$5Uk
=CAT  \\$aCONV$b00$c20040502$lBLL01$h1102
=CAT  \\$aBATCH-UPD$b00$c20131119$lBLL01$h1954
=CAT  \\$aIPL-CLA$c20131231$lBLL01$h1616
=CAT  \\$aBATCH-CLA$b00$c20140125$lBLL01$h1315
=CAT  \\$aBATCH-CLA$c20140225$lBLL01$h2240
=CAT  \\$aWR14_140$c20140905$lBLL01$h1707
=CAT  \\$a5110$b40$c20141111$lBLL01$h1348
=CAT  \\$aBATCH-UPD$b40$c20141124$lBLL01$h1756
=CAT  \\$aBLDSS-3PM$b00$c20141130$lBLL01$h1242
=CAT  \\$a11313$b40$c20141223$lBLL01$h0746
=CAT  \\$aIPL-CLA$c20141231$lBLL01$h1624
=CAT  \\$aBATCH-UPD$b00$c20151119$lBLL01$h1536
=CAT  \\$aIPL-CLA$c20151231$lBLL01$h1839
=CAT  \\$aBATCH-UPD$b00$c20161122$lBLL01$h1507
=CAT  \\$aBATCH-UPD$b00$c20161122$lBLL01$h1544
=CAT  \\$aIPL-CLA$c20161230$lBLL01$h1518
=CAT  \\$aBATCH-UPD$b00$c20171121$lBLL01$h1641
=CAT  \\$aIPL-CLA$c20171231$lBLL01$h1107
=CAT  \\$aBATCH-UPD$b00$c20181217$lBLL01$h1633
=CAT  \\$aIPL-CLA$c20181231$lBLL01$h1519
=CAT  \\$aBATCH-UPD$b00$c20191122$lBLL01$h1856
=CAT  \\$aIPL-CLA$c20191231$lBLL01$h1527
=CAT  \\$aBATCH-UPD$b00$c20201118$lBLL01$h1329
=CAT  \\$aIPL-CLA$c20201231$lBLL01$h1517
=CAT  \\$aBATCH-UPD$b00$c20221121$lBLL01$h1341
=CAT  \\$aIPL-CLA$c20221231$lBLL01$h1431
=CFI  0\$aCurrent copyright fee: GBP37.00$c2\0$e01-jan-2023$fGBP37.00$g0$hP$5Uk
=CFI  2\$aPrevious copyright fee: GBP35.00$c2\0$e01-jan-2021$fGBP35.00$g0$hP$5Uk
=FFP  \\$aY$bBLDSS-3PM
=FIN  \\$aY$d20050308
=FMT  \\$a  SE
=LAS  \\$aIPL-CLA$b00$c20221231$lBLL01$h1431
=LEO  \\$aMP10.0000474037
=LKR  \\$aPAR$b012923711$lBLL01$r776$mQualitative research in psychology (Print)$nQualitative research in psychology (Online)
=SRC  \\$aDSS01$bbibmp10.200404.2.aa
=TCO  \\$aCLA$bCLA$c008
=TOC  \\$aETOC

