=LDR  01299cas a22004337a 4500
=001  005552010
=003  Uk
=005  20221116085028.0
=007  ta
=008  040410c19979999enk\x\m\\\\\\\0\\\a0eng\\
=019  c\$a3006294
=022  \\$a1754-9787
=040  \\$aUk$beng$cUk
=222  \0$aWomen and psychology
=245  00$aWomen and psychology.
=260  \\$aLondon :$bRoutledge
=310  \\$aIrregular
=336  \\$atext$2rdacontent
=337  \\$aunmediated$2rdamedia
=338  \\$avolume$2rdacarrier
=595  \\$aSEE BOOK CATALOGUE.
=776  08$iAlso issued online as:$tWomen and psychology$x2834-8826
=852  41$aBritish Library$bDSC$j9343.275450
=886  2\$2blmarc$a959
=945  \\$aWOMEN AND PSYCHOLOGY.
=985  \\$aISSN responsibility passed to U.S. Center, 15/11/22 (Taylor & Francis)
=A02  \\$a3006294
=CAT  \\$aCONV$b00$c20040502$lBLL01$h1103
=CAT  \\$a8124$b40$c20070602$lBLL01$h1134
=CAT  \\$aBATCH$b00$c20091206$lBLL01$h0030
=CAT  \\$aWR13.005$c20130322$lBLL01$h1916
=CAT  \\$a10806$b40$c20221115$lBLL01$h1337
=CAT  \\$a10806$b40$c20221116$lBLL01$h0850
=FIN  \\$aY
=FMT  \\$a  SE
=LAS  \\$a10806$b40$c20221116$lBLL01$h0850
=LEO  \\$aMP10.0000613746
=SRC  \\$aDSS01$bbibmp10.200404.2.aa
=TCO  \\$aCLA$bCLA$c008

