=LDR  03219cas a2200745ua 4500
=001  006738062
=003  Uk
=005  20221231181350.0
=008  760618d19731981enkbr\\\\\\\\\0\\\a0eng\\
=015  \\$aGB7618090$2bnb
=019  1\$a0851430252
=022  0\$a0306-1728
=040  \\$aUk$cUk$dUk
=043  \\$ae-uk---$ae-uk---
=082  04$a378/.1553/0941$219
=210  0\$aSched. postgrad. courses U.K. univ.
=222  \0$aSchedule of postgraduate courses in United Kingdon universities
=245  00$aSchedule of postgraduate courses in United Kingdom universities /$cAssociation of Commonwealth Universities ; for the Committee of Vice-Chancellors and Principals of the Universities of the United Kingdom.
=260  \\$aLondon :$bThe Association,$c1973-1981.
=300  \\$av. ;$c21 cm.
=336  \\$atext$2rdacontent
=337  \\$aunmediated$2rdamedia
=338  \\$avolume$2rdacarrier
=540  \\$aCurrent Copyright Fee: GBP25.00$c0$5Uk
=650  \0$aUniversities and colleges$zGreat Britain$xGraduate work$vDirectories.
=710  2\$aAssociation of Commonwealth Universities.
=710  2\$aCommittee of Vice-Chancellors and Principals of the Universities of the United Kingdom.
=785  00$tPostgraduate courses in United Kingdom universities$x0263-6182
=852  41$aBritish Library$bHMNTS$jP.521/3013
=985  \\$aISSN responsibility taken by ISSN International Centre 18/4/07
=ACF  \\$aPrevious copyright fee: GBP12.00$c0$e01-jan-2012$fGBP12.00$g0$hA$5Uk
=ACF  \\$aPrevious Copyright Fee: GBP12.30$c0$e01-jan-2014$fGBP12.30$g0$hA$5Uk
=ACF  \\$aPrevious Copyright Fee: GBP15.00$c0$e01-jan-2017$fGBP15.00$g0$hA$5Uk
=ACF  \\$aPrevious Copyright Fee: GBP17.50$c0$e01-jan-2018$fGBP17.50$g0$hA$5Uk
=ACF  \\$aPrevious Copyright Fee: GBP20.00$c0$e01-jan-2020$fGBP20.00$g0$hA$5Uk
=CAT  \\$aCONV$b00$c20040502$lBLL01$h1153
=CAT  \\$aglobal_upd$b40$c20060417$lBLL01$h1540
=CAT  \\$aWR09-126
=CAT  \\$aBATCH-UPD$b40$c20090904$lBLL01$h1704
=CAT  \\$aBATCH$b00$c20091207$lBLL01$h0241
=CAT  \\$aBATCH-UPD$b00$c20100212$lBLL01$h1756
=CAT  \\$a6537$b40$c20120109$lBLL01$h1150
=CAT  \\$a6537$b40$c20140113$lBLL01$h0938
=CAT  \\$aBATCH-CLA$b00$c20161222$lBLL01$h1649
=CAT  \\$aIPL-CLA$c20161230$lBLL01$h1749
=CAT  \\$aBATCH-CLA$b00$c20171222$lBLL01$h1943
=CAT  \\$aIPL-CLA$c20171231$lBLL01$h1326
=CAT  \\$aBATCH-CLA$b00$c20191219$lBLL01$h1614
=CAT  \\$aIPL-CLA$c20191231$lBLL01$h1702
=CAT  \\$aR2001-1524$c20200127$lBLL01$h1919
=CAT  \\$aBATCH-CLA$b00$c20201204$lBLL01$h1409
=CAT  \\$aIPL-CLA$c20201231$lBLL01$h1857
=CAT  \\$a8874$b40$c20211122$lBLL01$h1455
=CAT  \\$aBATCH-CLA$b00$c20221221$lBLL01$h1711
=CAT  \\$aIPL-CLA$c20221231$lBLL01$h1813
=CFI  0\$aCurrent Copyright Fee: GBP25.00$c0$e01-jan-2023$fGBP25.00$g0$hA$5Uk
=CFI  2\$aPrevious Copyright Fee: GBP22.50$c0$e01-jan-2021$fGBP22.50$g0$hA$5Uk
=FIN  \\$aY
=FMT  \\$a  SE
=LAS  \\$aIPL-CLA$b00$c20221231$lBLL01$h1813
=LEO  \\$aMP13.0002053909
=LEO  \\$aMP22.0000018946
=SRC  \\$aHSS01$bbibmp13.200404.2.ad
=SRC  \\$aISN01$bbibmp22.200404.2.aa
=TCO  \\$aCLA$bCLA$c008

