=LDR  05442cas a2201297 a 4500
=001  007007075
=003  Uk
=005  20221231143139.0
=006  aa\\\|||||||||||||
=007  ta
=008  770419c19739999enkbr\p\\\\\\\0\\\a0eng\\
=015  \\$aGB7401623$2bnb
=019  x\$a1690030143
=019  y\$aB7401623
=019  9\$ab7401623
=019  c\$a2094673
=022  0\$a0306-6150
=040  \\$aUk$beng$cUk$dUk
=042  \\$aukblsr
=050  00$aHT401
=082  04$a301.44/43$218
=210  0\$aJ. peasant stud.
=222  \0$aJournal of peasant studies
=245  04$aThe journal of peasant studies.
=260  \\$aLondon :$bCass,$c1973-
=264  31$aAbingdon :$bTaylor & Francis
=300  \\$av. :$bill. ;$c23 cm.
=310  \\$aBimonthly
=321  \\$aQuarterly
=336  \\$atext$2rdacontent
=337  \\$aunmediated$2rdamedia
=338  \\$avolume$2rdacarrier
=362  0\$aVol. 1, no. 1 (Oct. 1973)-
=504  \\$aIncludes bibliographies.
=540  \\$aCurrent copyright fee: GBP37.00$c2\0$5Uk
=588  \\$aLatest issue consulted: volume 41, numbers 1-2 (March 2014).
=595  \\$aABSORBS 5200.7958.
=650  \0$aPeasantry$vPeriodicals.
=650  \0$aSociology, Rural$vPeriodicals.
=650  \0$aRural development$vPeriodicals.
=653  \\$aPeasants$aPeriodicals
=776  0\$tJournal of peasant studies$c(Online)$x1743-9361
=852  41$aBritish Library$bHMNTS$jP.521/1746
=852  41$aBritish Library$bDSC$j5030.150000$3Volume 1 (1973)-Volume 38 (2011)***UKRR Retained Title
=856  \\$31850-9999$uhttp://www.tandfonline.com/$xBLDSS
=945  \\$aJOURNAL OF PEASANT STUDIES.
=959  \\$fHeld but not currently received
=963  \\$aVOL. 1, 1973- *A=1$bY$cP500.C.626
=985  \\$aISSN responsibility taken by United States ISSN Center (multinational publisher agreement), May 28 2014.
=A02  \\$a2094673
=ACF  \\$aPrevious copyright fee: GBP17.00$c2\0$e01-jan-2010$fGBP17.00$g0$hP$5Uk
=ACF  \\$aPrevious copyright fee: GBP16.00$c2\0$e01-jan-2009$fGBP16.00$g0$hP$5Uk
=ACF  \\$aPrevious copyright fee: GBP15.00$c2\0$e01-apr-2008$fGBP15.00$g0$hP$5Uk
=ACF  \\$aPrevious copyright fee: GBP16.00$c2\0$e01-jan-2007$fGBP16.00$g0$hP$5Uk
=ACF  \\$aPrevious copyright fee: GBP13.00$c2\0$e01-jan-2005$fGBP13.00$g0$hP$5Uk
=ACF  \\$aPrevious copyright fee: GBP11.00$c2\0$e01-jan-2004$fGBP11.00$g0$hP$5Uk
=ACF  \\$aCurrent copyright fee: GBP5.00$c0$e01-jul-2002$fGBP5.00$g0$hC$5Uk
=ACF  \\$aCurrent copyright fee: GBP0.84$c0$e01-jul-2001$fGBP0.84$g0$hC$5Uk
=ACF  \\$aPrevious copyright fee: GBP21.00$c2\0$e01-jan-2011$fGBP21.00$g0$hP$5Uk
=ACF  \\$aPrevious copyright fee: GBP23.00$c2\0$e01-jan-2012$fGBP23.00$g0$hP$5Uk
=ACF  \\$aPrevious copyright fee: GBP23.50$c2\0$e01-jan-2013$fGBP23.50$g0$hP$5Uk
=ACF  \\$aPrevious copyright fee: GBP24.00$c2\0$e01-jan-2014$fGBP24.00$g0$hP$5Uk
=ACF  \\$aPrevious copyright fee: GBP25.00$c2\0$e01-jan-2015$fGBP25.00$g0$hP$5Uk
=ACF  \\$aPrevious copyright fee: GBP26.00$c2\0$e01-jan-2016$fGBP26.00$g0$hP$5Uk
=ACF  \\$aPrevious copyright fee: GBP28.00$c2\0$e01-jan-2017$fGBP28.00$g0$hP$5Uk
=ACF  \\$aPrevious copyright fee: GBP30.00$c2\0$e01-jan-2018$fGBP30.00$g0$hP$5Uk
=ACF  \\$aPrevious copyright fee: GBP32.00$c2\0$e01-jan-2019$fGBP32.00$g0$hP$5Uk
=ACF  \\$aPrevious copyright fee: GBP34.00$c2\0$e01-jan-2020$fGBP34.00$g0$hP$5Uk
=CAT  \\$aWR09-126
=CAT  \\$aBATCH-CLA$b00$c20140125$lBLL01$h1319
=CAT  \\$aBATCH-CLA$c20140225$lBLL01$h2312
=CAT  \\$a11205$b40$c20140520$lBLL01$h1529
=CAT  \\$a11205$b40$c20140521$lBLL01$h1607
=CAT  \\$a11313$b40$c20140528$lBLL01$h0848
=CAT  \\$aWR14_140$c20140905$lBLL01$h1708
=CAT  \\$aBATCH-UPD$b00$c20141124$lBLL01$h1759
=CAT  \\$aBLDSS-3PM$b00$c20141130$lBLL01$h1244
=CAT  \\$aIPL-CLA$c20141231$lBLL01$h1640
=CAT  \\$aBATCH-UPD$b00$c20151119$lBLL01$h1540
=CAT  \\$aIPL-CLA$c20151231$lBLL01$h1903
=CAT  \\$aBATCH-UPD$b00$c20160413$lBLL01$h1759
=CAT  \\$aBATCH-UPD$b00$c20161122$lBLL01$h1509
=CAT  \\$aBATCH-UPD$b00$c20161122$lBLL01$h1554
=CAT  \\$aIPL-CLA$c20161230$lBLL01$h1751
=CAT  \\$aBATCH-UPD$b00$c20171121$lBLL01$h1644
=CAT  \\$aIPL-CLA$c20171231$lBLL01$h1328
=CAT  \\$aBATCH-UPD$b00$c20181217$lBLL01$h1635
=CAT  \\$aIPL-CLA$c20181231$lBLL01$h1531
=CAT  \\$aBATCH-UPD$b00$c20191122$lBLL01$h1858
=CAT  \\$aIPL-CLA$c20191231$lBLL01$h1704
=CAT  \\$aBATCH-UPD$b00$c20201118$lBLL01$h1331
=CAT  \\$aIPL-CLA$c20201231$lBLL01$h1517
=CAT  \\$aBATCH-UPD$b00$c20221121$lBLL01$h1344
=CAT  \\$aIPL-CLA$c20221231$lBLL01$h1431
=CFI  0\$aCurrent copyright fee: GBP37.00$c2\0$e01-jan-2023$fGBP37.00$g0$hP$5Uk
=CFI  2\$aPrevious copyright fee: GBP35.00$c2\0$e01-jan-2021$fGBP35.00$g0$hP$5Uk
=FFP  \\$aY$bBLDSS-3PM
=FIN  \\$aY
=FMT  \\$a  SE
=LAS  \\$aIPL-CLA$b00$c20221231$lBLL01$h1431
=LEO  \\$aMP1.0002018034
=LEO  \\$aMP3.0000001954
=LEO  \\$aMP10.0000324433
=LEO  \\$aMP22.0000019363
=LKR  \\$aPAR$b013358537$lBLL01$r776$mJournal of peasant studies$nThe journal of peasant studies (Online)
=SRC  \\$aBLS01$bbibmp1.200404.2.ac
=SRC  \\$aBNB02$bbibmp3.200404.2.aa
=SRC  \\$aDSS01$bbibmp10.200404.2.aa
=SRC  \\$aISN01$bbibmp22.200404.2.aa
=TCO  \\$aCLA$bCLA$c008
=TOC  \\$aETOC

