=LDR  05889cas a2201321 a 4500
=001  007007469
=003  Uk
=005  20221231143140.0
=007  ta
=008  760815c19749999enkbr\p\\\\\\\0\\\a0eng\\
=015  \\$aGB7421204$2bnb
=019  y\$aB7421204
=019  x\$a1593680171
=019  9\$ab7421204
=019  c\$a2086155
=022  0\$a0305-0629
=040  \\$aUk$cUk$dUk
=050  00$aJX1308
=082  04$a303.482$219
=210  0\$aInt. interactions
=222  \0$aInternational interactions
=245  00$aInternational interactions :$ba transnational multidisciplinary journal.
=260  \\$aLondon :$bGordon and Breach,$c1974-
=264  31$32013-$aPhiladelphia, Pa :$bRoutledge
=300  \\$av. :$bill. ;$c27 cm.
=310  \\$aFive issues a year
=321  \\$aQuarterly
=336  \\$atext$2rdacontent
=337  \\$aunmediated$2rdamedia
=338  \\$avolume$2rdacarrier
=362  0\$aVol. 1, no. 1 (Jan. 1974)-
=540  \\$aCurrent copyright fee: GBP37.00$c2\0$5Uk
=588  \\$aLatest issue consulted: volume 39, number 4 (September-October 2013).
=595  \\$aABSORBS 9261.814.
=650  \0$aInternational relations$xResearch$vPeriodicals.
=650  \0$aInternational organization$xResearch$vPeriodicals.
=650  \0$aInternational cooperation$xResearch$vPeriodicals.
=653  \\$aInternational relations$aSerials
=690  7\$aSocial Welfare$2blcoll
=776  0\$tInternational interactions (Online)$x1547-7444
=780  05$tWar/peace report$x0043-0277
=852  41$aBritish Library$bDSC$j4541.431000$3Vol. 1 (1974)-v. 31 (2005)
=852  41$aBritish Library$bHMNTS$jP.701/766$3Vol. 1, no. 1 (1974)-v. 41, no. 5 (2015)***title now taken as electronic copy only
=856  \\$31850-9999$uhttp://www.tandfonline.com/$xBLDSS
=945  \\$aINTERNATIONAL INTERACTIONS.
=959  \\$fHeld but not currently received
=963  \\$aVOL. 1, 1974- 18(1), 1992 *A=1$bN$cL214.B.175
=985  \\$aRecord merged by SUNCAT team
=985  \\$aISSN note: responsibility for ISSN transferred to US ISSN Center from ISSN UK Centre, 25.10.13.
=A02  \\$a2086155
=ACF  \\$aPrevious copyright fee: GBP21.00$c2\0$e01-jan-2010$fGBP21.00$g0$hP$5Uk
=ACF  \\$aPrevious copyright fee: GBP20.00$c2\0$e01-jan-2009$fGBP20.00$g0$hP$5Uk
=ACF  \\$aPrevious copyright fee: GBP19.00$c2\0$e01-apr-2008$fGBP19.00$g0$hP$5Uk
=ACF  \\$aPrevious copyright fee: GBP20.00$c2\0$e01-jan-2007$fGBP20.00$g0$hP$5Uk
=ACF  \\$aPrevious copyright fee: GBP18.00$c2\0$e01-jan-2005$fGBP18.00$g0$hP$5Uk
=ACF  \\$aPrevious copyright fee: GBP15.00$c2\0$e01-jan-2004$fGBP15.00$g0$hP$5Uk
=ACF  \\$aCurrent copyright fee: GBP13.00$c2\0$e07-may-2002$fGBP13.00$g0$hP$5Uk
=ACF  \\$aCurrent copyright fee: GBP2.50$c0$e01-jul-1998$fGBP2.50$g0$hC$5Uk
=ACF  \\$aPrevious copyright fee: GBP25.00$c2\0$e01-jan-2011$fGBP25.00$g0$hP$5Uk
=ACF  \\$aPrevious copyright fee: GBP27.50$c2\0$e01-jan-2013$fGBP27.50$g0$hP$5Uk
=ACF  \\$aPrevious copyright fee: GBP27.00$c2\0$e01-jan-2012$fGBP27.00$g0$hP$5Uk
=ACF  \\$aPrevious copyright fee: GBP23.50$c2\0$e04-nov-2013$fGBP23.50$g0$hP$5Uk
=ACF  \\$aPrevious copyright fee: GBP24.00$c2\0$e01-jan-2014$fGBP24.00$g0$hP$5Uk
=ACF  \\$aPrevious copyright fee: GBP25.00$c2\0$e01-jan-2015$fGBP25.00$g0$hP$5Uk
=ACF  \\$aPrevious copyright fee: GBP26.00$c2\0$e01-jan-2016$fGBP26.00$g0$hP$5Uk
=ACF  \\$aPrevious copyright fee: GBP28.00$c2\0$e01-jan-2017$fGBP28.00$g0$hP$5Uk
=ACF  \\$aPrevious copyright fee: GBP30.00$c2\0$e01-jan-2018$fGBP30.00$g0$hP$5Uk
=ACF  \\$aPrevious copyright fee: GBP32.00$c2\0$e01-jan-2019$fGBP32.00$g0$hP$5Uk
=ACF  \\$aPrevious copyright fee: GBP34.00$c2\0$e01-jan-2020$fGBP34.00$g0$hP$5Uk
=CAT  \\$aCONV$b00$c20040425$lBLL90$h0524
=CAT  \\$a5552$b40$c20131104$lBLL01$h1427
=CAT  \\$aBATCH-UPD$b40$c20131119$lBLL01$h1957
=CAT  \\$aIPL-CLA$c20131231$lBLL01$h1824
=CAT  \\$aBATCH-CLA$b00$c20140125$lBLL01$h1319
=CAT  \\$aBATCH-CLA$c20140225$lBLL01$h2312
=CAT  \\$aBATCH-UPD$b00$c20141124$lBLL01$h1759
=CAT  \\$aBLDSS-3PM$b00$c20141130$lBLL01$h1244
=CAT  \\$aIPL-CLA$c20141231$lBLL01$h1640
=CAT  \\$aBATCH-UPD$b00$c20151119$lBLL01$h1540
=CAT  \\$aIPL-CLA$c20151231$lBLL01$h1903
=CAT  \\$a5110$b40$c20160212$lBLL01$h1447
=CAT  \\$aBATCH-UPD$b40$c20160413$lBLL01$h1759
=CAT  \\$aBATCH-UPD$b40$c20161122$lBLL01$h1509
=CAT  \\$aBATCH-UPD$b40$c20161122$lBLL01$h1554
=CAT  \\$aIPL-CLA$c20161230$lBLL01$h1751
=CAT  \\$aBATCH-UPD$b00$c20171121$lBLL01$h1644
=CAT  \\$aIPL-CLA$c20171231$lBLL01$h1328
=CAT  \\$aBATCH-UPD$b00$c20181217$lBLL01$h1635
=CAT  \\$aIPL-CLA$c20181231$lBLL01$h1531
=CAT  \\$aBATCH-UPD$b00$c20191122$lBLL01$h1858
=CAT  \\$aIPL-CLA$c20191231$lBLL01$h1704
=CAT  \\$aBATCH-UPD$b00$c20201118$lBLL01$h1331
=CAT  \\$aIPL-CLA$c20201231$lBLL01$h1517
=CAT  \\$aBATCH-UPD$b00$c20221121$lBLL01$h1344
=CAT  \\$aIPL-CLA$c20221231$lBLL01$h1431
=CFI  0\$aCurrent copyright fee: GBP37.00$c2\0$e01-jan-2023$fGBP37.00$g0$hP$5Uk
=CFI  2\$aPrevious copyright fee: GBP35.00$c2\0$e01-jan-2021$fGBP35.00$g0$hP$5Uk
=FFP  \\$aY$bBLDSS-3PM
=FIN  \\$aY
=FMT  \\$a  SE
=LAS  \\$aIPL-CLA$b00$c20221231$lBLL01$h1431
=LEO  \\$aMP1.0001911221
=LEO  \\$aMP3.0000002485
=LEO  \\$aMP10.0000294887
=LEO  \\$aMP22.0000017925
=LKR  \\$aPAR$b011774338$lBLL01$r78005$mInternational interactions$nWar/peace report
=LKR  \\$aPAR$b013357513$lBLL01$r776$mInternational interactions (Print)$nInternational interactions (Online)
=SRC  \\$aBLS01$bbibmp1.200404.2.ac
=SRC  \\$aBNB02$bbibmp3.200404.2.aa
=SRC  \\$aDSS01$bbibmp10.200404.2.aa
=SRC  \\$aISN01$bbibmp22.200404.2.aa
=TCO  \\$aCLA$bCLA$c008
=TOC  \\$aETOC

