=LDR  04785cas a2201165 a 4500
=001  007024825
=003  Uk
=005  20221231143142.0
=007  ta
=008  020626c20029999nyumr\p\\\\\\\0\\\a0eng\\
=015  \\$aGBA213458$2bnb
=019  y\$abA213458
=019  9\$abA213458
=019  c\$a2611775
=019  0\$as674657004
=022  0\$a1474-1776$z1474-5313
=039  0\$a2680
=040  \\$aUk$cUk$dUk
=082  04$a615.1905$221
=084  \\$aHD 80$2blsrissc
=084  \\$aKG 66$2blsrissc
=210  0\$aNat. rev., Drug discov.$b(Print)
=222  \0$aNature reviews. Drug discovery$b(Print)
=245  00$aNature reviews.$pDrug discovery.
=260  \\$aLondon :$bNature Publishing Group,$c2002-
=264  31$aNew York :$bSpringer Nature America
=300  \\$av. :$bcol. ill. ;$c28 cm.
=310  \\$aMonthly
=336  \\$atext$2rdacontent
=337  \\$aunmediated$2rdamedia
=338  \\$avolume$2rdacarrier
=362  0\$aVol. 1, no. 1 (Jan. 2002)-
=530  \\$aAlso available via the Internet.
=540  \\$aCurrent copyright fee: GBP34.95$c16\0$5Uk
=588  \\$aLatest issue consulted: volume 18, number 3 (March 2019).
=650  \0$aDrugs$vPeriodicals.
=650  \0$aDrug development$vPeriodicals.
=776  0\$tNature reviews. Drug discovery (Online)$x1474-1784
=852  71$aBritish Library$bSTI$k(P)$hHD 80$m-E(108)$2blsrissc$3Vol. 1 (2002)-V.17, no.3(2018)***Title now taken as electronic copy
=852  41$aBritish Library$bDSC$j6047.224000$3Vol. 1, no. 1 (2002)-v. 8, no. 11 (2009)***UKRR Retained Title
=852  71$aBritish Library$bSTI$k(TP)$hHD 80$m-E(108)$2blsrissc$3Accompanying CD-ROM
=856  \\$31850-9999$uhttp://www.nature.com/$xBLDSS
=945  \\$aNature reviews drug discovery
=959  \\$fHeld but not currently received
=985  \\$aISSN UK Centre note: responsibility transferred to US ISSN Center 30.5.19.
=A02  \\$a2611775
=ACF  \\$aPrevious copyright fee: GBP16.60$c16\0$e01-jan-2007$fGBP16.60$g0$hP$5Uk
=ACF  \\$aPrevious copyright fee: GBP16.22$c16\0$e01-oct-2006$fGBP16.22$g0$hP$5Uk
=ACF  \\$aPrevious copyright fee: GBP17.14$c16\0$e01-apr-2006$fGBP17.14$g0$hP$5Uk
=ACF  \\$aPrevious copyright fee: GBP16.67$c16\0$e01-jan-2006$fGBP16.67$g0$hP$5Uk
=ACF  \\$aPrevious copyright fee: GBP16.22$c16\0$e01-apr-2005$fGBP16.22$g0$hP$5Uk
=ACF  \\$aPrevious copyright fee: GBP16.67$c16\0$e01-jan-2005$fGBP16.67$g0$hP$5Uk
=ACF  \\$aPrevious copyright fee: GBP13.51$c16\0$e01-apr-2004$fGBP13.51$g0$hP$5Uk
=ACF  \\$aCurrent copyright fee: GBP14.71$c16\0$e01-jan-2004$fGBP14.71$g0$hP$5Uk
=ACF  \\$aCurrent copyright fee: GBP15.63$c16\0$e01-jan-2003$fGBP15.63$g0$hP$5Uk
=ACF  \\$aPrevious copyright fee: GBP17.50$c16\0$e01-jan-2009$fGBP17.50$g0$hP$5Uk
=ACF  \\$aPrevious copyright fee: GBP22.00$c16\0$e01-oct-2010$fGBP22.00$g0$hP$5Uk
=CAT  \\$aBATCH-UPD$b40$c20081231$lBLL01$h2346
=CAT  \\$aBATCH$b00$c20090101$lBLL01$h0116
=CAT  \\$aWR09-126
=CAT  \\$aBATCH-UPD$b00$c20090904$lBLL01$h1704
=CAT  \\$aBATCH$b00$c20091118$lBLL01$h2213
=CAT  \\$aBATCH$b00$c20091207$lBLL01$h0324
=CAT  \\$aBATCH$b00$c20091214$lBLL01$h0158
=CAT  \\$aBATCH$b00$c20091216$lBLL01$h0032
=CAT  \\$aBATCH-UPD$b00$c20100818$lBLL01$h1551
=CAT  \\$aIPL-CLA$c20100930$lBLL01$h1441
=CAT  \\$a8874$b40$c20110623$lBLL01$h1052
=CAT  \\$aBATCH-CLA$b00$c20121103$lBLL01$h1034
=CAT  \\$aWR12_168$c20121206$lBLL01$h1808
=CAT  \\$a5552$b40$c20131016$lBLL01$h1047
=CAT  \\$aWR14_140$c20140905$lBLL01$h1708
=CAT  \\$a11316$b40$c20141008$lBLL01$h1250
=CAT  \\$aBLDSS-3PM$b00$c20150111$lBLL01$h1518
=CAT  \\$aBATCH-UPD$b00$c20160526$lBLL01$h0847
=CAT  \\$aBATCH-UPD$b00$c20171121$lBLL01$h1635
=CAT  \\$aIPL-CLA$c20171231$lBLL01$h1329
=CAT  \\$a11315$b40$c20190410$lBLL01$h1521
=CAT  \\$a10973$b40$c20190424$lBLL01$h1135
=CAT  \\$a10973$b40$c20190530$lBLL01$h1023
=CAT  \\$a10973$b40$c20211101$lBLL01$h1124
=CAT  \\$aBATCH-UPD$b40$c20221121$lBLL01$h1330
=CAT  \\$aIPL-CLA$c20221231$lBLL01$h1431
=CFI  0\$aCurrent copyright fee: GBP34.95$c16\0$e01-jan-2023$fGBP34.95$g0$hP$5Uk
=CFI  2\$aPrevious copyright fee: GBP24.00$c16\0$e01-jan-2018$fGBP24.00$g0$hP$5Uk
=FFP  \\$aY$bBLDSS-3PM
=FIN  \\$aY
=FMT  \\$a  SE
=LAS  \\$aIPL-CLA$b00$c20221231$lBLL01$h1431
=LEO  \\$aMP5.0000009215
=LEO  \\$aMP10.0000393342
=LEO  \\$aMP22.0000066904
=LEO  \\$aMP25.0000354161
=SRC  \\$aBNB03$bbibmp5.200404.2.aa
=SRC  \\$aDSS01$bbibmp10.200404.2.aa
=SRC  \\$aISN01$bbibmp22.200404.2.aa
=SRC  \\$aSRI01$bbibmp25.200404.2.aa
=TCO  \\$aCLA$bCLA$c008
=TOC  \\$aETOC
=UNO  \\$aY

