=LDR  06651cas a2201417 a 4500
=001  007028988
=003  Uk
=005  20230210004008.0
=006  ab\\\|||||||||||||
=007  ta
=008  021028c20019999enkar\\\\\\\\\0\\\a0eng\\
=015  \\$aGBA272991$2bnb
=019  y\$abA272991
=019  9\$abA272991
=019  0\$as681432004
=022  0\$a1470-5699
=039  0\$a2716
=040  \\$aUk$cUk$dUk
=082  04$a943$221
=084  \\$aAA 654$2blsrissc
=222  \0$aCentral and South Eastern Europe
=245  00$aCentral and South-Eastern Europe.
=246  3\$aRegional surveys of the world. Central and South Eastern Europe
=260  \\$aLondon :$bEuropa,$c2000-
=264  31$aAbingdon, Oxon :$bRoutledge
=300  \\$av. :$bmaps (some col.) ;$c29 cm.
=310  \\$aAnnual
=336  \\$atext$2rdacontent
=337  \\$aunmediated$2rdamedia
=338  \\$avolume$2rdacarrier
=362  0\$a1st ed. (2001)-
=490  1\$aRegional surveys of the world
=490  1\$aEuropa regional surveys of the world
=500  \\$aDescription based on: 3rd ed. (2003)
=540  \\$aCurrent Copyright Fee: GBP18.02$c0$5Uk
=588  \\$aLatest issue consulted: 19th edition (2019).
=651  \0$aEurope, Eastern$vPeriodicals.
=651  \0$aEurope, Eastern$vDirectories.
=651  \0$aBalkan Peninsula$vPeriodicals.
=651  \0$aBalkan Peninsula$vDirectories.
=780  01$tEastern Europe and the Commonwealth of Independent States$x0962-1040
=830  \0$aRegional surveys of the world.
=852  41$aBritish Library$bHMNTS
=852  41$aBritish Library$bHMNTS$jYD.2011.b.2370
=852  41$aBritish Library$bHMNTS$cSPHOA$kOPL$h943.087$3Ed.6, 2006
=852  11$aBritish Library$bSTI$cBIPC$k(B) DIR$h941.21$mBusiness$3Current issue
=852  71$aBritish Library$bSTI$cRES$k(XP)$hAA 654$m-E(92)$2blsrissc$32003-***Earlier issues
=985  \\$aRecord merged by DQ team
=985  \\$aISSN UK Centre note: responsibility transferred to US Center 30.10.19 (multinational publisher).
=ACF  \\$aPrevious Copyright Fee: GBP18.02$c0$e01-apr-2012$fGBP18.02$g0$hC$5Uk
=ACF  \\$aPrevious Copyright Fee: GBP18.02$c0$e01-jan-2012$fGBP18.02$g0$hC$5Uk
=ACF  \\$aPrevious Copyright Fee: GBP18.02$c0$e01-oct-2011$fGBP18.02$g0$hC$5Uk
=ACF  \\$aPrevious Copyright Fee: GBP18.02$c0$e01-jul-2011$fGBP18.02$g0$hC$5Uk
=ACF  \\$aPrevious Copyright Fee: GBP18.02$c0$e01-apr-2011$fGBP18.02$g0$hC$5Uk
=ACF  \\$aPrevious Copyright Fee: GBP18.02$c0$e01-jan-2011$fGBP18.02$g0$hC$5Uk
=ACF  \\$aPrevious Copyright Fee: GBP18.02$c0$e01-oct-2010$fGBP18.02$g0$hC$5Uk
=ACF  \\$aPrevious Copyright Fee: GBP18.02$c0$e01-jul-2010$fGBP18.02$g0$hC$5Uk
=ACF  \\$aPrevious Copyright Fee: GBP18.02$c0$e01-apr-2010$fGBP18.02$g0$hC$5Uk
=ACF  \\$aPrevious Copyright Fee: GBP15.00$c0$e01-Jan-2010$fGBP15.00$g0$hC$5Uk
=ACF  \\$aPrevious Copyright Fee: GBP15.00$c0$e01-oct-2009$fGBP15.00$g0$hC$5Uk
=ACF  \\$aPrevious Copyright Fee: GBP15.00$c0$e01-jul-2009$fGBP15.00$g0$hC$5Uk
=ACF  \\$aPrevious Copyright Fee: GBP15.00$c0$e01-apr-2009$fGBP15.00$g0$hC$5Uk
=ACF  \\$aPrevious Copyright Fee: GBP15.00$c0$e01-jan-2009$fGBP15.00$g0$hC$5Uk
=ACF  \\$aPrevious Copyright Fee: GBP13.00$c0$e01-oct-2008$fGBP13.00$g0$hC$5Uk
=ACF  \\$aPrevious Copyright Fee: GBP15.00$c0$e01-jul-2008$fGBP15.00$g0$hC$5Uk
=ACF  \\$aPrevious Copyright Fee: GBP15.00$c0$e01-apr-2008$fGBP15.00$g0$hC$5Uk
=ACF  \\$aPrevious Copyright Fee: GBP15.00$c0$e01-jan-2008$fGBP15.00$g0$hC$5Uk
=ACF  \\$aPrevious Copyright Fee: GBP15.00$c0$e01-oct-2007$fGBP15.00$g0$hC$5Uk
=ACF  \\$aPrevious Copyright Fee: GBP15.00$c0$e01-jul-2007$fGBP15.00$g0$hC$5Uk
=ACF  \\$aPrevious Copyright Fee: GBP15.00$c0$e01-apr-2007$fGBP15.00$g0$hC$5Uk
=ACF  \\$aPrevious Copyright Fee: GBP15.00$c0$e01-jan-2007$fGBP15.00$g0$hC$5Uk
=ACF  \\$aPrevious Copyright Fee: GBP15.00$c0$e01-oct-2006$fGBP15.00$g0$hC$5Uk
=ACF  \\$aPrevious Copyright Fee: GBP15.00$c0$e01-jul-2006$fGBP15.00$g0$hC$5Uk
=ACF  \\$aPrevious Copyright Fee: GBP15.00$c0$e01-apr-2006$fGBP15.00$g0$hC$5Uk
=ACF  \\$aPrevious Copyright Fee: GBP15.00$c0$e01-jan-2006$fGBP15.00$g0$hC$5Uk
=ACF  \\$aPrevious Copyright Fee: GBP15.00$c0$e01-oct-2005$fGBP15.00$g0$hC$5Uk
=ACF  \\$aPrevious Copyright Fee: GBP15.00$c0$e01-jul-2005$fGBP15.00$g0$hC$5Uk
=ACF  \\$aPrevious Copyright Fee: GBP15.00$c0$e01-apr-2005$fGBP15.00$g0$hC$5Uk
=ACF  \\$aPrevious Copyright Fee: GBP15.00$c0$e01-jan-2005$fGBP15.00$g0$hC$5Uk
=ACF  \\$aPrevious Copyright Fee: GBP15.00$c0$e01-oct-2004$fGBP15.00$g0$hC$5Uk
=ACF  \\$aPrevious Copyright Fee: GBP18.02$c0$e01-jul-2012$fGBP18.02$g0$hC$5Uk
=ACF  \\$aPrevious Copyright Fee: GBP18.02$c0$e01-oct-2012$fGBP18.02$g0$hC$5Uk
=CAT  \\$aCONV$b00$c20040425$lBLL90$h0530
=CAT  \\$aIPL-CLA$c20101231$lBLL01$h1138
=CAT  \\$aBATCH-CLA$b00$c20110228$lBLL01$h1545
=CAT  \\$aIPL-CLA$c20110331$lBLL01$h1422
=CAT  \\$aBATCH-CLA$b00$c20110531$lBLL01$h1638
=CAT  \\$aIPL-CLA$c20110630$lBLL01$h1503
=CAT  \\$aBATCH-CLA$b00$c20110831$lBLL01$h1753
=CAT  \\$aIPL-CLA$c20110930$lBLL01$h1501
=CAT  \\$aBATCH-CLA$b00$c20111130$lBLL01$h1210
=CAT  \\$aIPL-CLA$c20111230$lBLL01$h1642
=CAT  \\$aBATCH-CLA$b00$c20120229$lBLL01$h1624
=CAT  \\$aIPL-CLA$c20120330$lBLL01$h1347
=CAT  \\$aBATCH-CLA$b00$c20120531$lBLL01$h1659
=CAT  \\$aIPL-CLA$c20120629$lBLL01$h0943
=CAT  \\$aBATCH-CLA$b00$c20120831$lBLL01$h1538
=CAT  \\$aIPL-CLA$c20120930$lBLL01$h1952
=CAT  \\$aBATCH-CLA$b00$c20121103$lBLL01$h1034
=CAT  \\$aWR14_140$c20140905$lBLL01$h1709
=CAT  \\$aBATCH-UPD$b00$c20151017$lBLL01$h1930
=CAT  \\$a10973$b40$c20191022$lBLL01$h1242
=CAT  \\$a10973$b40$c20191023$lBLL01$h1210
=CAT  \\$a10973$b40$c20191030$lBLL01$h0745
=CAT  \\$aBATCH-CLA$b00$c20221130$lBLL01$h1441
=CAT  \\$aIPL-CLA$c20221231$lBLL01$h1816
=CAT  \\$aBATCH-CLA$b00$c20230209$lBLL01$h1528
=CAT  \\$aIPL-CLA$c20230210$lBLL01$h0040
=CFI  0\$aCurrent Copyright Fee: GBP18.02$c0$e09-feb-2023$fGBP18.02$g0$hC$5Uk
=CFI  2\$aBritish Library not licensed to copy$c0$e01-jan-2023$hC$iCFP Excluded$5Uk
=FIN  \\$aY
=FMT  \\$a  SE
=LAS  \\$aIPL-CLA$b00$c20230210$lBLL01$h0040
=LEO  \\$aMP5.0000015864
=LEO  \\$aMP25.0000359578
=LEO  \\$aMP22.0000064178
=SRC  \\$aISN01$bbibmp22.200404.2.aa
=SRC  \\$aBNB03$bbibmp5.200404.2.aa
=SRC  \\$aSRI01$bbibmp25.200404.2.aa
=SRC  \\$aDSS03$bbibsr.200404.2.aa
=TCO  \\$aCLA$bCLA$c008

