=LDR  04509 as a2201141 a 4500
=001  007063085
=003  Uk
=005  20081109200841.0
=007  ta
=008  900424c19859999enker\\\\a\\\\0\\\a0eng\\
=015  \\$aGB8716664$2bnb
=019  y\$ab8716664
=019  9\$ab8716664
=019  c\$a2310915
=019  0\$as536595003
=022  0\$a0263-5534$z0748-2531
=039  0\$a1930
=040  \\$aUk$cUk$dUk
=050  00$aTD1
=082  04$a016.628$219
=084  \\$aSL 415$2blsrissc
=210  0\$aAqualine abstr.
=222  \0$aAqualine abstracts
=245  00$aAqualine abstracts.
=260  \\$aOxford :$bPergamon on behalf of the Water Research Centre,$c1985-
=260  3\$aBethesda :$bCSA in cooperation with Water Research Centre
=300  \\$av. ;$c30cm.
=310  \\$aFortnightly
=336  \\$atext$2rdacontent
=337  \\$aunmediated$2rdamedia
=338  \\$avolume$2rdacarrier
=362  0\$aVol.1, no.1 (8 Jan. 1985)-
=500  \\$aCover title.
=500  \\$aLatest issue consulted: Vol 23, no. 1 (Feb. 2007).
=540  \\$aBritish Library not licensed to copy$c0$5Uk
=595  \\$aFORMERLY 9364.586 UP TO VOL. 11, 1984 SEE ALSO SERIAL STORES SEE ALSO CARD INDEX.
=650  \0$aSanitary engineering$xAbstracts.
=653  \\$aSanitary engineering$aAbstracts
=710  2\$aWater Research Centre (Great Britain)
=780  00$tWRC information$x0306-6649
=787  0\$tAqualine CD-ROM$x1355-2201
=787  0\$tAqualine
=852  41$aBritish Library$bDSC$cQ$j1581.866240$3Volume 1 (1985)-Volume 24, Number 6 (2008:Dec.)
=852  71$aBritish Library$bSTI$k(A)$hSL 415$m-E(7)$2blsrissc$3Vol.1 (1985)-v. 16, no. 12 (Dec. 2000); Deficient: vol.7, no.5, 6, 1991.
=886  2\$2blmarc$a029$b00$aS145344002
=945  \\$aAqualine abstracts.
=959  \\$fHeld but not currently received
=963  \\$aVOL. 1, 1985- *A=1$bN$cL427:17.B.129
=985  \\$aResponsibility for ISSN transferred to NSDP 10.04.07.
=A02  \\$a2310915
=ACF  \\$aPrevious Copyright Fee: GBP8.79$c0$e01-jul-2009$fGBP8.79$g0$hC$5Uk
=ACF  \\$aPrevious Copyright Fee: GBP8.79$c0$e01-apr-2009$fGBP8.79$g0$hC$5Uk
=ACF  \\$aPrevious copyright fee: GBP5.00$c0$e01-jul-2002$fGBP5.00$g0$hC$5Uk
=ACF  \\$aCurrent copyright fee: GBP2.50$c0$e01-jul-2001$fGBP2.50$g0$hC$5Uk
=ACF  \\$aCurrent copyright fee: GBP5.00$c0$e02-sep-1998$fGBP5.00$g0$hC$5Uk
=ACF  \\$aPrevious copyright fee: GBP10.50$c0$e01-jan-2011$fGBP10.50$g0$hA$5Uk
=CAT  \\$aCONV$b00$c20040425$lBLL90$h0553
=CAT  \\$a6537$b40$c20070410$lBLL01$h1104
=CAT  \\$a8456$b40$c20071130$lBLL01$h1019
=CAT  \\$a8464$b40$c20081014$lBLL01$h1126
=CAT  \\$aCDS08-UPD$b40$c20081109$lBLL01$h2008
=CAT  \\$aBATCH-CLA$b00$c20090227$lBLL01$h1626
=CAT  \\$aBATCH-UPD$b00$c20090331$lBLL01$h2158
=CAT  \\$aBATCH-UPD$b00$c20090331$lBLL01$h2337
=CAT  \\$aBATCH$b00$c20090401$lBLL01$h0106
=CAT  \\$aBATCH-CLA$b00$c20090529$lBLL01$h1703
=CAT  \\$aBATCH-UPD$b00$c20090701$lBLL01$h1936
=CAT  \\$aBATCH-UPD$b00$c20090701$lBLL01$h2022
=CAT  \\$aBATCH$b00$c20090701$lBLL01$h2045
=CAT  \\$aBATCH$b00$c20091207$lBLL01$h0327
=CAT  \\$aBATCH$b00$c20091214$lBLL01$h0158
=CAT  \\$aBATCH$b00$c20091216$lBLL01$h0033
=CAT  \\$aBATCH-UPD$b00$c20101201$lBLL01$h1206
=CAT  \\$aIPL-CLA$c20101231$lBLL01$h1138
=CAT  \\$aWR11_203$c20111204$lBLL01$h1242
=CAT  \\$aIPL-CLA$c20111230$lBLL01$h1642
=CAT  \\$aBATCH-CLA$b00$c20121103$lBLL01$h1034
=CAT  \\$aBATCH-CLA$b00$c20121130$lBLL01$h1237
=CAT  \\$aIPL-CLA$c20121231$lBLL01$h1241
=CAT  \\$aIPL-CLA$c20130102$lBLL01$h1640
=CAT  \\$aWR13.005$c20130323$lBLL01$h1233
=CAT  \\$aWR14_140$c20140905$lBLL01$h1710
=CFI  0\$aBritish Library not licensed to copy$c0$e01-jan-2013$hC$iCFP Excluded$5Uk
=CFI  2\$aPrevious copyright fee: GBP12.00$c0$e01-jan-2012$fGBP12.00$g0$hA$5Uk
=FIN  \\$aY
=FMT  \\$a  SE
=LAS  \\$aWR14_140$b00$c20140905$lBLL01$h1710
=LEO  \\$aMP5.0000761797
=LEO  \\$aMP10.0000070651
=LEO  \\$aMP22.0000011438
=LEO  \\$aMP25.0000228040
=LKR  \\$aPAR$b010822830$lBLL01$nAqualine CD-ROM$mAqualine abstracts.$r787
=LKR  \\$aPAR$b011784768$lBLL01$r78000$mAqualine abstracts$nWRC information
=SRC  \\$aBNB03$bbibmp5.200404.2.ab
=SRC  \\$aDSS01$bbibmp10.200404.2.aa
=SRC  \\$aISN01$bbibmp22.200404.2.aa
=SRC  \\$aSRI01$bbibmp25.200404.2.aa
=TCO  \\$aCLA$bCLA$c008

