=LDR  05858cas a2201333 a 4500
=001  007064646
=003  Uk
=005  20221231143150.0
=007  ta
=008  870922c19879999sz\br\p\\\\\\\0\\\a0eng\\
=015  \\$aGB8824955$2bnb
=019  y\$ab8824955
=019  9\$ab8824955
=019  c\$a2332177
=019  0\$as550862005
=022  0\$a0269-7653
=039  0\$a1982
=040  \\$aUk$cUk
=050  00$aQH540
=082  04$a577$221
=084  \\$aCE 82$2blsrissc
=210  0\$aEvol. ecol.
=222  \0$aEvolutionary ecology
=245  00$aEvolutionary ecology.
=260  \\$aLondon :$bChapman and Hall,$c1987-
=264  31$a[Cham] :$bSpringer International Publishing
=300  \\$av. :$bill. ;$c25 cm.
=310  \\$aBi-monthly
=336  \\$atext$2rdacontent
=337  \\$aunmediated$2rdamedia
=338  \\$avolume$2rdacarrier
=362  0\$aVol. 1, no. 1 (Jan. 1987)-
=540  \\$aCurrent copyright fee: GBP29.95$c22\1$5Uk
=588  \\$aLatest issue consulted: volume 30, number 4 (2016).
=650  \0$aEcology$xPeriodicals.
=653  \\$aEcology$aSerials
=776  08$iAlso issued online as:$tEvolutionary ecology$x1573-8477
=852  41$aBritish Library$bDSC$j3834.430000$3Vol. 1, no. 1 (1987)-v. 24, no. 6 (2010)***UKRR Retained Title
=852  41$aBritish Library$bHMNTS$jDZK.9.x.29$3Vol. 15, no. 1 (2001)-
=852  71$aBritish Library$bSTI$k(P)$hCE 82$m-E(1)$2blsrissc$3Vol. 1 (1987)-v. 14 (2000); Deficient: vol.1, no.4, 1987; vol.3, no.1, 1989; vol.4, no.1, 1990
=856  \\$31850-9999$uhttp://www.springer.com/gb/$xBLDSS
=945  \\$aEVOLUTIONARY ECOLOGY.
=959  \\$fHeld but not currently received
=963  \\$aCA/U-2 VOL. 1, 1987- *A=1$bY
=985  \\$aISSN UK Centre note: responsibility transferred to ISSN Germany 24.8.16.
=A02  \\$a2332177
=ACF  \\$aPrevious copyright fee: GBP21.25$c13\1$e01-jan-2009$fGBP21.25$g0$hP$5Uk
=ACF  \\$aPrevious copyright fee: GBP16.75$c13\1$e01-jan-2007$fGBP16.75$g0$hP$5Uk
=ACF  \\$aPrevious copyright fee: GBP16.22$c13\1$e01-oct-2006$fGBP16.22$g0$hP$5Uk
=ACF  \\$aPrevious copyright fee: GBP17.14$c13\1$e01-apr-2006$fGBP17.14$g0$hP$5Uk
=ACF  \\$aPrevious copyright fee: GBP16.67$c13\1$e01-jan-2006$fGBP16.67$g0$hP$5Uk
=ACF  \\$aPrevious copyright fee: GBP16.22$c13\1$e01-apr-2005$fGBP16.22$g0$hP$5Uk
=ACF  \\$aPrevious copyright fee: GBP16.67$c13\1$e01-jan-2005$fGBP16.67$g0$hP$5Uk
=ACF  \\$aPrevious copyright fee: GBP13.51$c13\1$e01-apr-2004$fGBP13.51$g0$hP$5Uk
=ACF  \\$aCurrent copyright fee: GBP14.71$c13\1$e01-jan-2004$fGBP14.71$g0$hP$5Uk
=ACF  \\$aCurrent copyright fee: GBP15.63$c13\1$e01-jan-2003$fGBP15.63$g0$hP$5Uk
=ACF  \\$aPrevious copyright fee: GBP22.00$c13\1$e01-apr-2009$fGBP22.00$g0$hP$5Uk
=ACF  \\$aPrevious copyright fee: GBP22.00$c13\1$e12-aug-2012$fGBP22.00$g0$hP$5Uk
=ACF  \\$aPrevious copyright fee: GBP25.00$c13\1$e01-jan-2013$fGBP25.00$g0$hP$5Uk
=ACF  \\$aPrevious copyright fee: GBP25.77$c13\1$e01-jul-2013$fGBP25.77$g0$hP$5Uk
=ACF  \\$aPrevious copyright fee: GBP24.97$c13\1$e01-jan-2014$fGBP24.97$g0$hP$5Uk
=ACF  \\$aPrevious copyright fee: GBP24.21$c13\1$e01-jul-2014$fGBP24.21$g0$hP$5Uk
=ACF  \\$aPrevious copyright fee: GBP25.77$c13\1$e01-apr-2015$fGBP25.77$g0$hP$5Uk
=ACF  \\$aPrevious copyright fee: GBP26.63$c13\1$e01-jul-2015$fGBP26.63$g0$hP$5Uk
=ACF  \\$aPrevious copyright fee: GBP25.77$c13\1$e01-oct-2015$fGBP25.77$g0$hP$5Uk
=ACF  \\$aPrevious copyright fee: GBP27.55$c13\1$e01-apr-2016$fGBP27.55$g0$hP$5Uk
=ACF  \\$aPrevious copyright fee: GBP29.59$c13\1$e01-oct-2016$fGBP29.59$g0$hP$5Uk
=ACF  \\$aPrevious copyright fee: GBP31.96$c13\1$e01-apr-2017$fGBP31.96$g0$hP$5Uk
=ACF  \\$aPrevious copyright fee: GBP30.73$c13\1$e01-oct-2017$fGBP30.73$g0$hP$5Uk
=ACF  \\$aPrevious copyright fee: GBP28.54$c13\1$e01-apr-2018$fGBP28.54$g0$hP$5Uk
=CAT  \\$aWR09-126
=CAT  \\$aIPL-CLA$c20150331$lBLL01$h1613
=CAT  \\$aBATCH-UPD$b00$c20150520$lBLL01$h1700
=CAT  \\$aIPL-CLA$c20150630$lBLL01$h1631
=CAT  \\$aBATCH-UPD$b00$c20150820$lBLL01$h1750
=CAT  \\$aIPL-CLA$c20150930$lBLL01$h1739
=CAT  \\$aBATCH-UPD$b00$c20160217$lBLL01$h1636
=CAT  \\$aIPL-CLA$c20160331$lBLL01$h1656
=CAT  \\$aBATCH-UPD$b00$c20160413$lBLL01$h1800
=CAT  \\$aBATCH-UPD$b00$c20160524$lBLL01$h2154
=CAT  \\$aBATCH-UPD$b00$c20160524$lBLL01$h2225
=CAT  \\$a5997$b40$c20160803$lBLL01$h0845
=CAT  \\$a10973$b40$c20160824$lBLL01$h1009
=CAT  \\$a10973$b40$c20160824$lBLL01$h1515
=CAT  \\$aBATCH-UPD$b40$c20160824$lBLL01$h1713
=CAT  \\$aIPL-CLA$c20160930$lBLL01$h1542
=CAT  \\$aBATCH-UPD$b00$c20170216$lBLL01$h1800
=CAT  \\$aIPL-CLA$c20170331$lBLL01$h1826
=CAT  \\$aBATCH-UPD$b00$c20170904$lBLL01$h1801
=CAT  \\$aIPL-CLA$c20170929$lBLL01$h1708
=CAT  \\$aBATCH-UPD$b00$c20180223$lBLL01$h1615
=CAT  \\$aIPL-CLA$c20180331$lBLL01$h1555
=CAT  \\$aBATCH-UPD$b00$c20180524$lBLL01$h1651
=CAT  \\$aIPL-CLA$c20180630$lBLL01$h1907
=CAT  \\$aBATCH-UPD$b00$c20221121$lBLL01$h1356
=CAT  \\$aIPL-CLA$c20221231$lBLL01$h1431
=CFI  0\$aCurrent copyright fee: GBP29.95$c22\1$e01-jan-2023$fGBP29.95$g0$hP$5Uk
=CFI  2\$aPrevious copyright fee: GBP34.00$c22\1$e01-jul-2018$fGBP34.00$g0$hP$5Uk
=EST  \\$a2
=FFP  \\$aY$bBLDSS-3PM
=FIN  \\$aY
=FMT  \\$a  SE
=LAS  \\$aIPL-CLA$b00$c20221231$lBLL01$h1431
=LEO  \\$aMP5.0000769067
=LEO  \\$aMP10.0000221460
=LEO  \\$aMP22.0000017318
=LEO  \\$aMP25.0000241901
=SRC  \\$aBNB03$bbibmp5.200404.2.ab
=SRC  \\$aDSS01$bbibmp10.200404.2.aa
=SRC  \\$aISN01$bbibmp22.200404.2.aa
=SRC  \\$aSRI01$bbibmp25.200404.2.aa
=TCO  \\$aCLA$bCLA$c008
=TOC  \\$aETOC
=UNO  \\$aY

