=LDR  06277 as a2201381 a 4500
=001  007064991
=003  Uk
=005  20190520091058.0
=007  ta
=008  880426c19889999enkbr\p\\\\\\\0\\\a0eng\\
=015  \\$aGB8841003$2bnb
=019  y\$ab8841003
=019  9\$ab8841003
=019  c\$a2368872
=019  0\$as553516000
=022  0\$a0951-7375
=039  0\$a1993
=040  \\$aUk$cUk$dUk
=050  00$aRC111
=082  04$a616.9$221
=084  \\$aGT 30$2blsrissc
=210  0\$aCurr. opin. infect. dis.
=222  \0$aCurrent opinion in infectious diseases
=245  00$aCurrent opinion in infectious diseases.
=246  30$aInfectious diseases
=260  \\$aLondon :$bGower Academic Journals,$c1988-
=260  2\$aLondon :$bCurrent Science
=260  2\$aLondon :$bLippincott Williams & Wilkins
=264  31$aLondon :$bWolters Kluwer Health, Inc.
=300  \\$av. :$bill. (some col.) ;$c28 cm.
=310  \\$aBimonthly
=336  \\$atext$2rdacontent
=337  \\$aunmediated$2rdamedia
=338  \\$avolume$2rdacarrier
=362  0\$aVol. 1, no. 1 (Jan./Feb. 1988)-
=500  \\$aIssues also have thematic titles.
=540  \\$aCurrent copyright fee: GBP32.00$c20\0$5Uk
=650  \0$aCommunicable diseases$vPeriodicals.
=653  \\$aMan$aCommunicable diseases$aSerials
=770  0\$tCurrent opinion in infectious diseases. Supplement$x1355-834X
=776  08$iAlso issued online as:$tCurrent opinion in infectious diseases (Online)$x1473-6527
=776  0\$tCurrent opinion in infectious diseases, with evaluated MEDLINE$x1080-7861
=852  41$aBritish Library$bHMNTS$jZC.9.b.9200$3Vol. 24 (2011) supp, v. 24, no. 5 (2011)
=852  41$aBritish Library$bDSC$j3500.775500$3Vol. 1, no. 1 (1988)-v. 24, no. 6 (2011)***UKRR Retained Title
=852  71$aBritish Library$bSTI$k(P)$hGT 30$m-E(28)$2blsrissc$3Vol, 1 (1988)-v. 25, no. 2 (2012)
=856  \\$31850-9999$uhttp://journals.lww.com$xBLDSS
=945  \\$aCurrent opinion in infectious diseases
=959  \\$fHeld but not currently received
=963  \\$aCA/M-7 VOL. 1, 1988- *A=1$bN
=985  \\$aISSN responsibility change in progress 15/5/2015
=A02  \\$a2368872
=ACF  \\$aPrevious copyright fee: GBP21.65$c20\0$e01-jul-2011$fGBP21.65$g0$hP$5Uk
=ACF  \\$aPrevious copyright fee: GBP19.35$c20\0$e01-jul-2010$fGBP19.35$g0$hP$5Uk
=ACF  \\$aPrevious copyright fee: GBP18.18$c20\0$e01-oct-2009$fGBP18.18$g0$hP$5Uk
=ACF  \\$aPrevious copyright fee: GBP21.43$c20\0$e01-apr-2009$fGBP21.43$g0$hP$5Uk
=ACF  \\$aPrevious copyright fee: GBP18.75$c20\0$e01-jan-2009$fGBP18.75$g0$hP$5Uk
=ACF  \\$aPrevious copyright fee: GBP15.00$c20\0$e01-jul-2007$fGBP15.00$g0$hP$5Uk
=ACF  \\$aPrevious copyright fee: GBP15.38$c20\0$e01-apr-2007$fGBP15.38$g0$hP$5Uk
=ACF  \\$aPrevious copyright fee: GBP16.22$c20\0$e01-oct-2006$fGBP16.22$g0$hP$5Uk
=ACF  \\$aPrevious copyright fee: GBP17.14$c20\0$e01-apr-2006$fGBP17.14$g0$hP$5Uk
=ACF  \\$aPrevious copyright fee: GBP16.67$c20\0$e01-jan-2006$fGBP16.67$g0$hP$5Uk
=ACF  \\$aPrevious copyright fee: GBP16.22$c20\0$e01-apr-2005$fGBP16.22$g0$hP$5Uk
=ACF  \\$aPrevious copyright fee: GBP16.53$c20\0$e01-jan-2005$fGBP16.53$g0$hP$5Uk
=ACF  \\$aPrevious copyright fee: GBP16.08$c20\0$e01-apr-2004$fGBP16.08$g0$hP$5Uk
=ACF  \\$aCurrent copyright fee: GBP17.50$c20\0$e01-jan-2004$fGBP17.50$g0$hP$5Uk
=ACF  \\$aCurrent copyright fee: GBP15.63$c20\0$e01-jan-2003$fGBP15.63$g0$hP$5Uk
=ACF  \\$aPrevious copyright fee: GBP30.32$c20\0$e07-may-2012$fGBP30.32$g0$hP$5Uk
=ACF  \\$aPrevious copyright fee: GBP28.48$c20\0$e01-jul-2012$fGBP28.48$g0$hP$5Uk
=ACF  \\$aPrevious copyright fee: GBP29.38$c20\0$e01-jan-2013$fGBP29.38$g0$hP$5Uk
=ACF  \\$aPrevious copyright fee: GBP30.32$c20\0$e01-jul-2013$fGBP30.32$g0$hP$5Uk
=ACF  \\$aPrevious copyright fee: GBP29.38$c20\0$e01-jan-2014$fGBP29.38$g0$hP$5Uk
=ACF  \\$aPrevious copyright fee: GBP28.48$c20\0$e01-jul-2014$fGBP28.48$g0$hP$5Uk
=ACF  \\$aPrevious copyright fee: GBP30.32$c20\0$e01-apr-2015$fGBP30.32$g0$hP$5Uk
=ACF  \\$aPrevious copyright fee: GBP31.33$c20\0$e01-jul-2015$fGBP31.33$g0$hP$5Uk
=CAT  \\$aCONV$b00$c20040425$lBLL90$h0553
=CAT  \\$aBATCH-UPD$b00$c20130522$lBLL01$h1717
=CAT  \\$aIPL-CLA$c20130630$lBLL01$h2354
=CAT  \\$aBATCH-UPD$b00$c20131119$lBLL01$h2006
=CAT  \\$aIPL-CLA$c20131231$lBLL01$h1826
=CAT  \\$aBATCH-CLA$b00$c20140125$lBLL01$h1311
=CAT  \\$aBATCH-CLA$c20140225$lBLL01$h2313
=CAT  \\$aBATCH-UPD$b00$c20140527$lBLL01$h2034
=CAT  \\$aBATCH-CLA$c20140528$lBLL01$h1723
=CAT  \\$aIPL-CLA$c20140630$lBLL01$h1654
=CAT  \\$aWR14_140$c20140905$lBLL01$h1711
=CAT  \\$aBLDSS-3PM$b00$c20141116$lBLL01$h1730
=CAT  \\$aBATCH-UPD$b00$c20150219$lBLL01$h1727
=CAT  \\$aIPL-CLA$c20150331$lBLL01$h1613
=CAT  \\$a11316$b40$c20150515$lBLL01$h1354
=CAT  \\$aBATCH-UPD$b40$c20150520$lBLL01$h1737
=CAT  \\$a11316$b40$c20150521$lBLL01$h1230
=CAT  \\$a11316$b40$c20150521$lBLL01$h1333
=CAT  \\$aIPL-CLA$c20150630$lBLL01$h1631
=CAT  \\$aBATCH-UPD$b00$c20150820$lBLL01$h1823
=CAT  \\$aIPL-CLA$c20150930$lBLL01$h1739
=CAT  \\$aBATCH-UPD$b00$c20160217$lBLL01$h1710
=CAT  \\$aIPL-CLA$c20160331$lBLL01$h1656
=CAT  \\$aBATCH-UPD$b00$c20160524$lBLL01$h2154
=CAT  \\$aBATCH-UPD$b00$c20160524$lBLL01$h2225
=CAT  \\$a8323$b40$c20190520$lBLL01$h0910
=CFI  0\$aCurrent copyright fee: GBP32.00$c20\0$e01-apr-2016$fGBP32.00$g0$hP$5Uk
=CFI  2\$aPrevious copyright fee: GBP30.32$c20\0$e01-oct-2015$fGBP30.32$g0$hP$5Uk
=FFP  \\$aY$bBLDSS-3PM
=FIN  \\$aY
=FMT  \\$a  SE
=LAS  \\$a8323$b40$c20190520$lBLL01$h0910
=LEO  \\$aMP5.0000770752
=LEO  \\$aMP10.0000176782
=LEO  \\$aMP22.0000025613
=LEO  \\$aMP25.0000244457
=LKR  \\$aPAR$b011459813$lBLL01$nCurrent opinion in infectious diseases (Online)$mCurrent opinion in infectious diseases (Print)$r776
=SRC  \\$aBNB03$bbibmp5.200404.2.ab
=SRC  \\$aDSS01$bbibmp10.200404.2.aa
=SRC  \\$aISN01$bbibmp22.200404.2.aa
=SRC  \\$aSRI01$bbibmp25.200404.2.aa
=TCO  \\$aCLA$bCLA$c008
=TOC  \\$aETOC
=UNO  \\$aY

