=LDR  06540cas a2201381 a 4500
=001  007073903
=003  Uk
=005  20220201155941.0
=007  ta
=008  980728c19489999enkqx\p\\\\\\\0\\\a0dut\\
=015  \\$aGB9856052$2bnb
=019  c\$a2168591
=019  x\$a137158009X
=019  y\$ab9856052
=019  9\$ab9856052
=022  \\$a0040-747X
=039  0\$a2502
=040  \\$aUk$cUk$dUk
=041  0\$adut$aeng
=082  04$a330.9005$221
=210  0\$aTijdschr. econ. soc. geogr.
=222  \0$aTijdschrift voor economische en sociale geografie
=245  00$aTijdschrift voor economische en sociale geografie =$bJournal of economic and social geography = Revue de géographie économique et humaine = Zeitschrift für ökonomische und soziale Geographie = Revista de geografía económica y social.
=246  31$aJournal of economic and social geography
=246  31$aRevue de géographie économique et humaine
=246  31$aZeitschrift für ökonomische und soziale Geographie
=246  31$aRevista de geografía económica y social
=246  13$aTESG$f<1966- >
=246  16$aT.E.S.G.$f<1966- >
=260  \\$aOxford :$bBlackwell,
=300  \\$av. :$bill., maps ;$c24 cm.
=300  \\$av. :$bill., maps ;$c24-29 cm.
=310  \\$a5 no. a year,$b1994-
=321  \\$aFrequency varies,$b1948-1964
=321  \\$a6 no. a year,$b1965-1993
=336  \\$atext$2rdacontent
=337  \\$aunmediated$2rdamedia
=338  \\$avolume$2rdacarrier
=362  1\$aBegan with 39. jaarg., no. 4 (apr. 15, 1948).
=500  \\$aPublished by Kininklijk Nederlands Aardrijkskun-dig Genootschap prior to 1998.
=500  \\$aDescription based on: Vol.89, no.1 (1998)
=530  \\$aAlso available on microfilm and microfiche.
=540  \\$aCurrent copyright fee: GBP39.00$c35\0$5Uk
=546  \\$aText mostly in Dutch and English, 1948-1961; mostly in English, 1962-
=550  \\$aOrgan of Nederlandse Vereniging voor Economische en Sociale Geografie, 1948-1966; of the Koninklijk Nederlands Aardrijkskundig Genootschap, 1967-
=555  \\$aVols. 26 (1935)-43 (1952) (Includes index to earlier title), in v. 43.
=595  \\$aFORMERLY 8839.580000 SEE ALSO SERIAL RECORDS KCS HUM BOD AND DOE/DT.
=650  \0$aEconomic geography$xPeriodicals.
=650  \0$aHuman geography$xPeriodicals.
=690  7\$aManagement and Business Studies$2blcoll
=710  2\$aNederlandse Vereniging voor Economische en Sociale Geografie.
=710  2\$aKoninklijk Nederlands Aardrijkskundig Genootschap.
=776  0\$tTijdschrift voor economische en sociale geografie (Online)$x1467-9663
=780  00$tTijdschrift voor economische geographie$x2666-836X
=852  41$aBritish Library$bDSC$j8839.600000$3Jaarg. 40 (1949)-v. 103, no. 5 (2012)***Stock incomplete***UKRR Retained Title
=852  41$aBritish Library$bHMNTS$jP.P.3900.cc.$3Vol. 45 (1954)-v. 104, no. 2 (2013)***Holdings unclear, some deficiencies, check shelf for exact items held***Purchased items available for remote supply***title now taken as electronic copy only
=856  \\$31850-9999$uhttp://onlinelibrary.wiley.com/$xBLDSS
=945  \\$aTijdschrift voor economische en sociale geografie
=945  \\$aTIJDSCHRIFT VOOR ECONOMISCHE EN SOCIALE GEOGRAFIE.
=959  \\$fHeld but not currently received
=963  \\$aVOL. 40, 1949- *A=1$bY$cP690.B.60
=985  \\$aRecord merged by DQ team
=985  \\$aISSN responsibility switched from UK to U.S. (Richard, 12/02/21)
=ACF  \\$aPrevious copyright fee: GBP16.00$c10\0$e01-jan-2006$fGBP16.00$g0$hP$5Uk
=ACF  \\$aPrevious Copyright Fee: GBP13.00$c0$e01-oct-2005$fGBP13.00$g0$hC$5Uk
=ACF  \\$aPrevious Copyright Fee: GBP13.00$c0$e01-jul-2005$fGBP13.00$g0$hC$5Uk
=ACF  \\$aPrevious Copyright Fee: GBP13.00$c0$e01-apr-2005$fGBP13.00$g0$hC$5Uk
=ACF  \\$aPrevious Copyright Fee: GBP13.00$c0$e01-jan-2005$fGBP13.00$g0$hC$5Uk
=ACF  \\$aPrevious Copyright Fee: GBP13.00$c0$e01-oct-2004$fGBP13.00$g0$hC$5Uk
=ACF  \\$aPrevious copyright fee: GBP17.00$c10\0$e01-jan-2009$fGBP17.00$g0$hP$5Uk
=ACF  \\$aPrevious copyright fee: GBP22.00$c10\0$e01-jan-2011$fGBP22.00$g0$hP$5Uk
=ACF  \\$aPrevious copyright fee: GBP24.00$c10\0$e01-mar-2015$fGBP24.00$g0$hP$5Uk
=ACF  \\$aPrevious copyright fee: GBP24.00$c35\0$e07-mar-2017$fGBP24.00$g0$hP$5Uk
=ACF  \\$aPrevious copyright fee: GBP28.00$c35\0$e01-jan-2019$fGBP28.00$g0$hP$5Uk
=CAT  \\$aCONV$b00$c20040425$lBLL90$h0616
=CAT  \\$aWR13.005$c20130323$lBLL01$h1233
=CAT  \\$a8874$b40$c20130524$lBLL01$h0957
=CAT  \\$aWR14_140$c20140905$lBLL01$h1711
=CAT  \\$aBLDSS-3PM$b00$c20141214$lBLL01$h1518
=CAT  \\$aBATCH-UPD$b00$c20150215$lBLL01$h1618
=CAT  \\$aIPL-CLA$c20150228$lBLL01$h2041
=CAT  \\$aBATCH-UPD$b00$c20170304$lBLL01$h1019
=CAT  \\$aW1703-0316$c20170306$lBLL01$h1821
=CAT  \\$aW1703-0316$c20170307$lBLL01$h1645
=CAT  \\$aIPL-CLA$c20170307$lBLL01$h1823
=CAT  \\$aBATCH-UPD$b00$c20180219$lBLL01$h1738
=CAT  \\$aBATCH-UPD$b00$c20181121$lBLL01$h1617
=CAT  \\$aIPL-CLA$c20181231$lBLL01$h1532
=CAT  \\$aR1911-0245$c20191127$lBLL01$h0821
=CAT  \\$aR1911-0245$c20191127$lBLL01$h1044
=CAT  \\$aIPL-CLA$c20191231$lBLL01$h1705
=CAT  \\$a10806$b40$c20210212$lBLL01$h1004
=CAT  \\$a10806$b40$c20210216$lBLL01$h1013
=CAT  \\$aW2111-0842$c20211208$lBLL01$h1941
=CAT  \\$aIPL-CLA$c20211231$lBLL01$h1534
=CAT  \\$a8874$b40$c20220120$lBLL01$h1355
=CAT  \\$a8874$b40$c20220120$lBLL01$h1356
=CAT  \\$a8250$b40$c20220201$lBLL01$h1522
=CAT  \\$a8250$b40$c20220201$lBLL01$h1555
=CAT  \\$a8250$b40$c20220201$lBLL01$h1559
=CFI  0\$aCurrent copyright fee: GBP39.00$c35\0$e01-jan-2022$fGBP39.00$g0$hP$5Uk
=CFI  2\$aPrevious Copyright Fee: GBP32.00$c35\0$e01-jan-2020$fGBP32.00$g0$hP$5Uk
=EST  \\$a2
=FFP  \\$aY$bBLDSS-3PM
=FIN  \\$aY
=FMT  \\$a  SE
=LAS  \\$a8250$b40$c20220201$lBLL01$h1559
=LEO  \\$aMP10.0000577450
=LEO  \\$aMP1.0001649048
=LEO  \\$aMP5.0001501313
=LKR  \\$aPAR$b005542539$lBLL01$nTijdschrift voor economische g$mTijdschrift voor economische e$r78000
=LKR  \\$aPAR$b012435166$lBLL01$r776$mTijdschrift voor economische en sociale geografie$nJournal of economic and social geography
=SRC  \\$aDSS01$bbibmp10.200404.2.aa
=SRC  \\$aBLS01$bbibmp1.200404.2.ab
=SRC  \\$aBNB03$bbibmp5.200404.2.ac
=TCO  \\$aCLA$bCLA$c008
=TOC  \\$aETOC
=UNO  \\$aY

