=LDR  07259cas a2201513 a 4500
=001  007076611
=003  Uk
=005  20220930142240.0
=007  ta
=008  991101c19999999sz\qr\p\\\\\\\0\\\a0eng\\
=015  \\$aGB9968643$2bnb
=019  y\$ab9968643
=019  9\$ab9968643
=019  c\$a2584664
=019  0\$as651260000
=022  0\$a1464-1801
=039  0\$a2561
=040  \\$aUk$cUk$dUk
=082  04$a572.829$221
=084  \\$aKH 63$2blsrissc
=084  \\$aKH 88$2blsrissc
=210  0\$aJ. mol. microbiol. biotechnol.
=222  \0$aJournal of molecular microbiology and biotechnology
=245  00$aJournal of molecular microbiology and biotechnology.
=246  18$aJMMB
=260  \\$aWymondham :$bHorizon Scientific Press,$c1999-
=260  3\$32003-$aBasel :$bKarger
=300  \\$av. :$bill. ;$c28 cm.
=310  \\$aQuarterly
=336  \\$atext$2rdacontent
=337  \\$aunmediated$2rdamedia
=338  \\$avolume$2rdacarrier
=362  0\$aVol. 1, no. 1 (Aug. 1999)-
=540  \\$aCurrent copyright fee: GBP35.00$c24\0$5Uk
=650  \0$aMolecular microbiology$vPeriodicals.
=650  \0$aBiotechnology$vPeriodicals.
=776  0\$tJournal of molecular microbiology and biotechnology$x1660-2412
=852  41$aBritish Library$bDSC$j5020.716250$3Vol. 1 (1999)-v. 24 (2014)
=852  71$aBritish Library$bSTI$k(P)$hKH 63$m-E(4)$2blsrissc$3Vol. 1 (1999)-v. 4, no. 6 (Nov. 2002); v. 12, no. 1/2 (2007)-v. 13, no. 1/3 (2007).
=856  \\$31850-9999$uhttp://www.karger.com/$xBLDSS
=945  \\$aJOURNAL OF MOLECULAR MICROBIOLOGY AND BIOTECHNOLOGY.
=959  \\$fHeld but not currently received
=963  \\$aVOL. 1, 1999- *A=1$bN$cU
=985  \\$aResponsibility for ISSN transferred to Swiss ISSN Centre from ISSN UK Centre, 11.01.07
=A02  \\$a2584664
=ACF  \\$aPrevious copyright fee: GBP23.75$c24\0$e01-oct-2011$fGBP23.75$g0$hP$5Uk
=ACF  \\$aPrevious copyright fee: GBP27.50$c24\0$e01-jul-2011$fGBP27.50$g0$hP$5Uk
=ACF  \\$aPrevious copyright fee: GBP28.39$c24\0$e01-apr-2011$fGBP28.39$g0$hP$5Uk
=ACF  \\$aPrevious copyright fee: GBP19.35$c24\0$e01-jul-2010$fGBP19.35$g0$hP$5Uk
=ACF  \\$aPrevious copyright fee: GBP18.18$c24\0$e01-jan-2010$fGBP18.18$g0$hP$5Uk
=ACF  \\$aPrevious copyright fee: GBP15.76$c24\0$e01-oct-2009$fGBP15.76$g0$hP$5Uk
=ACF  \\$aPrevious copyright fee: GBP18.57$c24\0$e01-apr-2009$fGBP18.57$g0$hP$5Uk
=ACF  \\$aPrevious copyright fee: GBP16.25$c24\0$e01-jan-2009$fGBP16.25$g0$hP$5Uk
=ACF  \\$aPrevious copyright fee: GBP12.25$c24\0$e01-jan-2008$fGBP12.25$g0$hP$5Uk
=ACF  \\$aPrevious copyright fee: GBP11.75$c24\0$e01-jul-2007$fGBP11.75$g0$hP$5Uk
=ACF  \\$aPrevious copyright fee: GBP12.05$c24\0$e01-apr-2007$fGBP12.05$g0$hP$5Uk
=ACF  \\$aPrevious copyright fee: GBP12.70$c24\0$e01-oct-2006$fGBP12.70$g0$hP$5Uk
=ACF  \\$aPrevious copyright fee: GBP13.43$c24\0$e01-apr-2006$fGBP13.43$g0$hP$5Uk
=ACF  \\$aPrevious copyright fee: GBP13.06$c24\0$e01-jan-2006$fGBP13.06$g0$hP$5Uk
=ACF  \\$aPrevious copyright fee: GBP11.90$c24\0$e01-apr-2005$fGBP11.90$g0$hP$5Uk
=ACF  \\$aPrevious copyright fee: GBP12.22$c24\0$e01-jan-2005$fGBP12.22$g0$hP$5Uk
=ACF  \\$aPrevious copyright fee: GBP11.35$c24\0$e01-apr-2004$fGBP11.35$g0$hP$5Uk
=ACF  \\$aCurrent copyright fee: GBP12.35$c24\0$e01-jan-2004$fGBP12.35$g0$hP$5Uk
=ACF  \\$aCurrent copyright fee: GBP12.19$c24\0$e01-jan-2003$fGBP12.19$g0$hP$5Uk
=ACF  \\$aPrevious copyright fee: GBP24.52$c24\0$e01-jan-2012$fGBP24.52$g0$hP$5Uk
=ACF  \\$aPrevious copyright fee: GBP23.03$c24\0$e01-jul-2012$fGBP23.03$g0$hP$5Uk
=ACF  \\$aPrevious copyright fee: GBP23.75$c24\0$e01-jan-2013$fGBP23.75$g0$hP$5Uk
=ACF  \\$aPrevious copyright fee: GBP24.52$c24\0$e01-jul-2013$fGBP24.52$g0$hP$5Uk
=ACF  \\$aPrevious copyright fee: GBP24.69$c24\0$e01-jan-2014$fGBP24.69$g0$hP$5Uk
=ACF  \\$aPrevious copyright fee: GBP23.94$c24\0$e01-jul-2014$fGBP23.94$g0$hP$5Uk
=ACF  \\$aPrevious copyright fee: GBP25.48$c24\0$e01-apr-2015$fGBP25.48$g0$hP$5Uk
=ACF  \\$aPrevious copyright fee: GBP26.33$c24\0$e01-jul-2015$fGBP26.33$g0$hP$5Uk
=ACF  \\$aPrevious copyright fee: GBP25.48$c24\0$e01-oct-2015$fGBP25.48$g0$hP$5Uk
=ACF  \\$aPrevious copyright fee: GBP27.24$c24\0$e01-apr-2016$fGBP27.24$g0$hP$5Uk
=ACF  \\$aPrevious copyright fee: GBP29.26$c24\0$e01-oct-2016$fGBP29.26$g0$hP$5Uk
=ACF  \\$aPrevious copyright fee: GBP31.60$c24\0$e01-apr-2017$fGBP31.60$g0$hP$5Uk
=ACF  \\$aPrevious copyright fee: GBP30.38$c24\0$e01-oct-2017$fGBP30.38$g0$hP$5Uk
=ACF  \\$aPrevious copyright fee: GBP28.21$c24\0$e01-apr-2018$fGBP28.21$g0$hP$5Uk
=ACF  \\$aPrevious copyright fee: GBP30.38$c24\0$e01-oct-2018$fGBP30.38$g0$hP$5Uk
=ACF  \\$aPrevious copyright fee: GBP31.60$c24\0$e01-oct-2019$fGBP31.60$g0$hP$5Uk
=ACF  \\$aPrevious copyright fee: GBP30.38$c24\0$e01-apr-2020$fGBP30.38$g0$hP$5Uk
=ACF  \\$aPrevious copyright fee: GBP31.60$c24\0$e01-jul-2020$fGBP31.60$g0$hP$5Uk
=ACF  \\$aPrevious copyright fee: GBP33.60$c24\0$e01-jan-2021$fGBP33.60$g0$hP$5Uk
=ACF  \\$aPrevious copyright fee: GBP31.11$c24\0$e01-apr-2021$fGBP31.11$g0$hP$5Uk
=ACF  \\$aPrevious copyright fee: GBP30.00$c24\0$e07-jul-2021$fGBP30.00$g0$hP$5Uk
=CAT  \\$aWR09-126
=CAT  \\$aBATCH-UPD$b00$c20170216$lBLL01$h1912
=CAT  \\$aIPL-CLA$c20170331$lBLL01$h1826
=CAT  \\$aBATCH-UPD$b00$c20170904$lBLL01$h1921
=CAT  \\$aIPL-CLA$c20170929$lBLL01$h1708
=CAT  \\$aBATCH-UPD$b00$c20180223$lBLL01$h1753
=CAT  \\$aIPL-CLA$c20180331$lBLL01$h1555
=CAT  \\$aBATCH-UPD$b00$c20180823$lBLL01$h1938
=CAT  \\$aIPL-CLA$c20180930$lBLL01$h1450
=CAT  \\$aBATCH-UPD$b00$c20190829$lBLL01$h1536
=CAT  \\$aIPL-CLA$c20190930$lBLL01$h1626
=CAT  \\$aBATCH-UPD$b00$c20200219$lBLL01$h1518
=CAT  \\$aIPL-CLA$c20200331$lBLL01$h1602
=CAT  \\$aBATCH-UPD$b00$c20200522$lBLL01$h1503
=CAT  \\$aIPL-CLA$c20200701$lBLL01$h0043
=CAT  \\$aBATCH-UPD$b00$c20201126$lBLL01$h1121
=CAT  \\$aIPL-CLA$c20201231$lBLL01$h1518
=CAT  \\$aBATCH-UPD$b00$c20210226$lBLL01$h1045
=CAT  \\$aIPL-CLA$c20210331$lBLL01$h1654
=CAT  \\$aBATCH-UPD$b00$c20210707$lBLL01$h1608
=CAT  \\$aIPL-CLA$c20210707$lBLL01$h1841
=CAT  \\$a8483$b40$c20211022$lBLL01$h0957
=CAT  \\$aBATCH-UPD$b40$c20220520$lBLL01$h1647
=CAT  \\$aIPL-CLA$c20220630$lBLL01$h1533
=CAT  \\$aBATCH-UPD$b00$c20220824$lBLL01$h0913
=CAT  \\$aIPL-CLA$c20220930$lBLL01$h1422
=CFI  0\$aCurrent copyright fee: GBP35.00$c24\0$e01-oct-2022$fGBP35.00$g0$hP$5Uk
=CFI  2\$aPrevious copyright fee: GBP33.60$c24\0$e01-jul-2022$fGBP33.60$g0$hP$5Uk
=EST  \\$a2
=FFP  \\$aY$bBLDSS-3PM
=FIN  \\$aY
=FMT  \\$a  SE
=LAS  \\$aIPL-CLA$b00$c20220930$lBLL01$h1422
=LEO  \\$aMP5.0001513046
=LEO  \\$aMP10.0000323728
=LEO  \\$aMP22.0000059283
=LEO  \\$aMP25.0000333709
=SRC  \\$aBNB03$bbibmp5.200404.2.ac
=SRC  \\$aDSS01$bbibmp10.200404.2.aa
=SRC  \\$aISN01$bbibmp22.200404.2.aa
=SRC  \\$aSRI01$bbibmp25.200404.2.aa
=TCO  \\$aCHE$bPRO LITTERIS$c008
=TOC  \\$aETOC
=UNO  \\$aY

