=LDR  06728cas a2201429 a 4500
=001  007077020
=003  Uk
=005  20230612124117.0
=007  ta
=008  000111c19989999enkbr\p\\\\\\\0\\\a0eng\\
=015  \\$aGB9981891$2bnb
=019  c\$a2558790
=019  y\$ab9981891
=019  9\$ab9981891
=019  0\$as65887800x
=022  0\$a1366-7017
=039  0\$a2569
=040  \\$aUk$beng$cUk$dUk
=042  \\$aukblsr
=082  04$a333.911505$221
=084  \\$aSL 00$2blsrissc
=084  \\$aON 00$2blsrissc
=222  \0$aWater policy
=245  00$aWater policy :$bofficial journal of the World Water Council.
=260  \\$aOxford :$bElsevier,$c1998-
=260  3\$32003-$aLondon :$bIWA Publishing
=300  \\$av. :$bill. ;$c27 cm.
=310  \\$aBimonthly
=336  \\$atext$2rdacontent
=337  \\$aunmediated$2rdamedia
=338  \\$avolume$2rdacarrier
=362  0\$aVol. 1, no. 1 (1998)-
=540  \\$aCurrent Copyright Fee: GBP13.35$c0$5Uk
=595  \\$aSEE ALSO CARD INDEX.
=650  \0$aWater-supply$xManagement$xInternational cooperation$vPeriodicals.
=650  \0$aWater resources development$xInternational cooperation$vPeriodicals.
=710  2\$aWorld Water Council.
=776  08$iAlso issued online as:$tWater policy$x1996-9759
=852  41$aBritish Library$bHMNTS$jDZK.9.x.380$3Vol. 3, no. 1 (2001)-v. 23, no. 6(2021)***Title now taken as electronic copy only
=852  71$aBritish Library$bSTI$k(P)$hSL 00$m-E(47)$2blsrissc$3Vol. 1 (1998)-v. 2 (2000).
=852  71$aBritish Library$bSTI$k(TP)$hSL 00$m-E(47)$2blsrissc$31998- ; Vol.1-***Accompanying CD-ROM
=852  41$aBritish Library$bDSC$j9270.996000$3Vol. 1, no 1 (1998)-v. 23, no. 6 (2021)***UKRR Retained Title***Stock Incomplete.
=945  \\$aWATER POLICY.
=957  \\$a981214c
=959  \\$fHeld but not currently received
=963  \\$aVOL. 1, 1998- *A=1$bN$cU
=985  \\$aResponsibility for ISSN transferred to the International Centre from ISSN UK Centre, 30/11/07.
=ACF  \\$aPrevious Copyright Fee: GBP13.35$c0$e01-apr-2012$fGBP13.35$g0$hC$5Uk
=ACF  \\$aPrevious Copyright Fee: GBP13.35$c0$e01-jan-2012$fGBP13.35$g0$hC$5Uk
=ACF  \\$aPrevious Copyright Fee: GBP13.35$c0$e01-oct-2011$fGBP13.35$g0$hC$5Uk
=ACF  \\$aPrevious Copyright Fee: GBP13.35$c0$e01-jul-2011$fGBP13.35$g0$hC$5Uk
=ACF  \\$aPrevious Copyright Fee: GBP13.35$c0$e01-apr-2011$fGBP13.35$g0$hC$5Uk
=ACF  \\$aPrevious Copyright Fee: GBP13.35$c0$e01-jan-2011$fGBP13.35$g0$hC$5Uk
=ACF  \\$aPrevious Copyright Fee: GBP13.35$c0$e01-oct-2010$fGBP13.35$g0$hC$5Uk
=ACF  \\$aPrevious Copyright Fee: GBP13.35$c0$e01-jul-2010$fGBP13.35$g0$hC$5Uk
=ACF  \\$aPrevious Copyright Fee: GBP13.35$c0$e01-apr-2010$fGBP13.35$g0$hC$5Uk
=ACF  \\$aPrevious Copyright Fee: GBP13.35$c0$e01-Jan-2010$fGBP13.35$g0$hC$5Uk
=ACF  \\$aPrevious Copyright Fee: GBP13.35$c0$e01-oct-2009$fGBP13.35$g0$hC$5Uk
=ACF  \\$aPrevious Copyright Fee: GBP13.35$c0$e01-jul-2009$fGBP13.35$g0$hC$5Uk
=ACF  \\$aPrevious Copyright Fee: GBP13.35$c0$e01-apr-2009$fGBP13.35$g0$hC$5Uk
=ACF  \\$aPrevious Copyright Fee: GBP13.35$c0$e01-jan-2009$fGBP13.35$g0$hC$5Uk
=ACF  \\$aPrevious Copyright Fee: GBP13.35$c0$e01-oct-2008$fGBP13.35$g0$hC$5Uk
=ACF  \\$aPrevious Copyright Fee: GBP13.35$c0$e01-jul-2008$fGBP13.35$g0$hC$5Uk
=ACF  \\$aPrevious Copyright Fee: GBP13.35$c0$e01-apr-2008$fGBP13.35$g0$hC$5Uk
=ACF  \\$aPrevious Copyright Fee: GBP13.35$c0$e01-jan-2008$fGBP13.35$g0$hC$5Uk
=ACF  \\$aPrevious Copyright Fee: GBP13.35$c0$e01-oct-2007$fGBP13.35$g0$hC$5Uk
=ACF  \\$aPrevious Copyright Fee: GBP13.35$c0$e01-jul-2007$fGBP13.35$g0$hC$5Uk
=ACF  \\$aPrevious Copyright Fee: GBP13.35$c0$e01-apr-2007$fGBP13.35$g0$hC$5Uk
=ACF  \\$aPrevious Copyright Fee: GBP13.35$c0$e01-jan-2007$fGBP13.35$g0$hC$5Uk
=ACF  \\$aPrevious Copyright Fee: GBP13.35$c0$e01-oct-2006$fGBP13.35$g0$hC$5Uk
=ACF  \\$aPrevious Copyright Fee: GBP13.35$c0$e01-jul-2006$fGBP13.35$g0$hC$5Uk
=ACF  \\$aPrevious Copyright Fee: GBP13.35$c0$e01-apr-2006$fGBP13.35$g0$hC$5Uk
=ACF  \\$aPrevious Copyright Fee: GBP13.35$c0$e01-jan-2006$fGBP13.35$g0$hC$5Uk
=ACF  \\$aPrevious Copyright Fee: GBP13.35$c0$e01-oct-2005$fGBP13.35$g0$hC$5Uk
=ACF  \\$aPrevious Copyright Fee: GBP13.35$c0$e01-jul-2005$fGBP13.35$g0$hC$5Uk
=ACF  \\$aPrevious Copyright Fee: GBP13.35$c0$e01-apr-2005$fGBP13.35$g0$hC$5Uk
=ACF  \\$aPrevious Copyright Fee: GBP13.35$c0$e01-jan-2005$fGBP13.35$g0$hC$5Uk
=ACF  \\$aPrevious Copyright Fee: GBP13.35$c0$e01-oct-2004$fGBP13.35$g0$hC$5Uk
=ACF  \\$aPrevious Copyright Fee: GBP13.35$c0$e01-jul-2012$fGBP13.35$g0$hC$5Uk
=ACF  \\$aPrevious Copyright Fee: GBP13.35$c0$e01-oct-2012$fGBP13.35$g0$hC$5Uk
=CAT  \\$aCONV$b00$c20040425$lBLL90$h0617
=CAT  \\$aBATCH-CLA$b00$c20110228$lBLL01$h1542
=CAT  \\$aIPL-CLA$c20110331$lBLL01$h1423
=CAT  \\$aBATCH-CLA$b00$c20110531$lBLL01$h1642
=CAT  \\$aIPL-CLA$c20110630$lBLL01$h1504
=CAT  \\$aBATCH-CLA$b00$c20110831$lBLL01$h1748
=CAT  \\$aIPL-CLA$c20110930$lBLL01$h1502
=CAT  \\$aBATCH-CLA$b00$c20111130$lBLL01$h1201
=CAT  \\$aIPL-CLA$c20111230$lBLL01$h1643
=CAT  \\$aBATCH-CLA$b00$c20120229$lBLL01$h1610
=CAT  \\$aIPL-CLA$c20120330$lBLL01$h1348
=CAT  \\$aBATCH-CLA$b00$c20120531$lBLL01$h1706
=CAT  \\$aBATCH-UPD$b00$c20120614$lBLL01$h2126
=CAT  \\$aIPL-CLA$c20120629$lBLL01$h0944
=CAT  \\$aBATCH-CLA$b00$c20120831$lBLL01$h1525
=CAT  \\$aIPL-CLA$c20120930$lBLL01$h1954
=CAT  \\$aBATCH-CLA$b00$c20121103$lBLL01$h1033
=CAT  \\$a8874$b40$c20130201$lBLL01$h1122
=CAT  \\$aWR13.005$c20130323$lBLL01$h1234
=CAT  \\$aCDS15-UPD$b40$c20140630$lBLL01$h1052
=CAT  \\$aWR14_140$c20140905$lBLL01$h1713
=CAT  \\$aBATCH-CLA$b00$c20221130$lBLL01$h1434
=CAT  \\$aIPL-CLA$c20221231$lBLL01$h1431
=CAT  \\$aBATCH-CLA$b00$c20230209$lBLL01$h1521
=CAT  \\$aIPL-CLA$c20230209$lBLL01$h2330
=CAT  \\$a11205$b40$c20230612$lBLL01$h1241
=CFI  0\$aCurrent Copyright Fee: GBP13.35$c0$e09-feb-2023$fGBP13.35$g0$hC$5Uk
=CFI  2\$aBritish Library not licensed to copy$c0$e01-jan-2023$hC$iCFP Excluded$5Uk
=FIN  \\$aY
=FMT  \\$a  SE
=LAS  \\$a11205$b40$c20230612$lBLL01$h1241
=LEO  \\$aMP5.0001514534
=LEO  \\$aMP25.0000340593
=LEO  \\$aMP10.0000606482
=LEO  \\$aMP22.0000053207
=LET  \0$aWater policy (Print)
=SRC  \\$aBNB03$bbibmp5.200404.2.ac
=SRC  \\$aSRI01$bbibmp25.200404.2.aa
=SRC  \\$aDSS01$bbibmp10.200404.2.aa
=SRC  \\$aISN01$bbibmp22.200404.2.aa
=TCO  \\$aCLA$bCLA$c008
=TOC  \\$aETOC

