=LDR  04853cas a2201141 a 4500
=001  007159852
=003  Uk
=005  20211231153457.0
=007  ta
=008  040409c19899999ne\mr\p\\\in\\0\\\a0eng\\
=019  c\$a2385163
=019  0\$as270431012
=022  0\$a0955-6648
=040  \\$aUk$cUk$dUk
=042  \\$aukblsr
=082  04$a016.577$221
=084  \\$aCD 76$2blsrissc
=210  0\$aCurr. adv. ecol. environ. sci.
=222  \0$aCurrent advances in ecological & environmental sciences
=245  00$aCurrent advances in ecological & environmental sciences.
=246  3\$aCurrent advances in ecological and environmental sciences
=246  30$aEcological & environmental sciences
=260  \\$aOxford ;$aNew York :$bPergamon Press,$c1989-
=264  31$3<2014>-$aAmsterdam :$bElsevier B.V.
=300  \\$av. ;$c23-30 cm.
=310  \\$aMonthly
=336  \\$atext$2rdacontent
=337  \\$aunmediated$2rdamedia
=338  \\$avolume$2rdacarrier
=362  0\$aVol. 15, no. 1 (Jan. 1989)-
=500  \\$aProduced from the CABS database.
=540  \\$aCurrent copyright fee: GBP34.30$c5\1$5Uk
=588  \\$aLatest issue consulted: volume 40, number 10 (October 2014).
=595  \\$aFormerly 3494.063 up to Vol. 14 (1988).
=650  \0$aEcology$vPeriodicals.
=650  \0$aEnvironmental protection$vPeriodicals.
=650  \0$aEnvironmental sciences$vPeriodicals.
=650  \0$aEcology$vIndexes$vPeriodicals.
=650  \0$aEnvironmental protection$vIndexes$vPeriodicals.
=650  \0$aEnvironmental sciences$vIndexes$vPeriodicals.
=780  00$tCurrent advances in ecological sciences$x0306-3291
=852  41$aBritish Library$bDSC$j3494.062800$3Vol. 15 (1989)-v. 42 (2016)***UKRR-Excluded-Out of Scope
=852  71$aBritish Library$bSTI$k(A)$hCD 76$m-E(1)$2blsrissc$3Vol. 15 (1989)-v. 34, no. 9 (Sep. 2008)***UKRR-Excluded-Out of Scope
=856  \\$31850-9999$uhttp://www.elsevier.com/journals$xBLDSS
=945  \\$aCurrent advances in ecological and environmental sciences
=959  \\$fHeld but not currently received
=963  \\$aVOL. 15, 1989- *A=1$bY$cL381.B.67
=985  \\$aISSN responsibility taken by ISSN Netherlands, February 26 2015.
=985  \\$aRecord merged by DQ team
=A02  \\$a2385163
=ACF  \\$aPrevious Copyright Fee: GBP20.00$c0$e01-jan-2009$fGBP20.00$g0$hC$5Uk
=ACF  \\$aPrevious Copyright Fee: GBP19.00$c0$e01-jan-2008$fGBP19.00$g0$hC$5Uk
=ACF  \\$aPrevious Copyright Fee: GBP18.00$c0$e01-jan-2005$fGBP18.00$g0$hC$5Uk
=ACF  \\$aPrevious copyright fee: GBP20.00$c5\1$e11-nov-2010$fGBP20.00$g0$hP$5Uk
=ACF  \\$aPrevious copyright fee: GBP21.00$c5\1$e01-jan-2012$fGBP21.00$g0$hP$5Uk
=ACF  \\$aPrevious copyright fee: GBP22.50$c5\1$e01-jan-2013$fGBP22.50$g0$hP$5Uk
=ACF  \\$aPrevious copyright fee: GBP23.40$c5\1$e01-jan-2018$fGBP23.40$g0$hP$5Uk
=CAT  \\$aCONV$b00$c20040425$lBLL90$h0701
=CAT  \\$aBATCH-UPD$b00$c20100630$lBLL01$h1901
=CAT  \\$aBATCH-UPD$b00$c20100630$lBLL01$h1941
=CAT  \\$aIPL-CLA$c20100630$lBLL01$h2007
=CAT  \\$aBATCH-CLA$b00$c20100831$lBLL01$h1529
=CAT  \\$aIPL-CLA$c20100930$lBLL01$h1443
=CAT  \\$a5552$b40$c20101111$lBLL01$h1139
=CAT  \\$aBATCH-UPD$b40$c20111123$lBLL01$h1849
=CAT  \\$aIPL-CLA$c20111230$lBLL01$h1645
=CAT  \\$aBATCH-CLA$b00$c20121103$lBLL01$h1033
=CAT  \\$aBATCH-UPD$b00$c20121121$lBLL01$h1652
=CAT  \\$aIPL-CLA$c20121231$lBLL01$h1241
=CAT  \\$aIPL-CLA$c20130102$lBLL01$h1641
=CAT  \\$aWR13.005$c20130323$lBLL01$h1239
=CAT  \\$aBLDSS-3PM$b00$c20141222$lBLL01$h1708
=CAT  \\$a8124$b40$c20150122$lBLL01$h1243
=CAT  \\$a11313$b40$c20150226$lBLL01$h1037
=CAT  \\$aBATCH-UPD$b40$c20160413$lBLL01$h1800
=CAT  \\$aBATCH-UPD$b40$c20160613$lBLL01$h0943
=CAT  \\$aBATCH-UPD$b40$c20171121$lBLL01$h1736
=CAT  \\$aIPL-CLA$c20171231$lBLL01$h1331
=CAT  \\$a8055$b40$c20180713$lBLL01$h1210
=CAT  \\$aBATCH-UPD$b40$c20190521$lBLL01$h1429
=CAT  \\$aIPL-CLA$c20190630$lBLL01$h1524
=CAT  \\$aBATCH-UPD$b00$c20211119$lBLL01$h1548
=CAT  \\$aIPL-CLA$c20211231$lBLL01$h1534
=CFI  0\$aCurrent copyright fee: GBP34.30$c5\1$e01-jan-2022$fGBP34.30$g0$hP$5Uk
=CFI  2\$aPrevious copyright fee: GBP32.84$c5\1$e01-jul-2019$fGBP32.84$g0$hP$5Uk
=FFP  \\$aY$bBLDSS-3PM
=FIN  \\$aY
=FMT  \\$a  SE
=LAS  \\$aIPL-CLA$b00$c20211231$lBLL01$h1534
=LEO  \\$aMP22.0000029197
=LEO  \\$aMP10.0000176054
=LEO  \\$aMP25.0000109061
=LKR  \\$aPAR$b007007882$lBLL01$r78000$mCurrent advances in ecological & environmental sciences$nCurrent advances in ecological sciences.
=SRC  \\$aISN01$bbibmp22.200404.2.aa
=SRC  \\$aSRI01$bbibmp25.200404.2.aa
=SRC  \\$aDSS01$bbibmp10.200404.2.aa
=TCO  \\$aCLA$bCLA$c008
=TOC  \\$aETOC

