=LDR  04568cas a2201069 a 4500
=001  007159857
=003  Uk
=005  20211231153457.0
=007  ta
=008  040409c19929999ne\mr\p\\\\\\\0\\\a0eng\\
=019  c\$a2450660
=019  0\$as526791012
=022  0\$a0964-8747
=040  \\$aUk$cUk$dUk
=082  04$a016.57196$221
=084  \\$aEW 00$2blsrissc
=084  \\$aGT 30$2blsrissc
=210  0\$aCurr. adv. immunol. infect. dis.
=222  \0$aCurrent advances in immunology & infectious diseases
=245  00$aCurrent advances in immunology & infectious diseases.
=246  3\$aCurrent advances in immunology and infectious diseases
=246  3\$aCurrent awareness in biological sciences
=260  \\$aOxford :$bPergamon
=264  31$aAmsterdam, the Netherlands :$bElsevier B.V.
=300  \\$av. ;$c30 cm.
=310  \\$aMonthly
=336  \\$atext$2rdacontent
=337  \\$aunmediated$2rdamedia
=338  \\$avolume$2rdacarrier
=500  \\$aProduced from the CABS database.
=540  \\$aCurrent copyright fee: GBP34.30$c5\1$5Uk
=595  \\$aFormerly 3494.0642 up to Vol. 8 (1991). See also 4535.5 for H&SS holdings.
=776  08$iAlso issued on diskette as:$tCurrent advances in immunology & infectious diseases$c(Diskette)$x1359-5334
=780  00$tCurrent advances in immunology$x0741-1650
=852  41$aBritish Library$bDSC$j3494.064220$3Vol. 9 (1992)-v. 33 (2016)
=852  71$aBritish Library$bSTI$k(A)$hEW 00$m-E(4)$2blsrissc$3Vol. 9 (1992)-v. 25, no. 9 (2008)
=856  \\$31850-9999$uhttp://www.elsevier.com/journals$xBLDSS
=945  \\$aCurrent advances in immunology and infectious diseases
=959  \\$fHeld but not currently received
=963  \\$aVOL. 9, 1992- *A=1$bY$cP309.B.87
=985  \\$aRecord merged by DQ team
=985  \\$aISSN UK Centre - ISSN responsibility held by ISSN Netherlands Centre 10/04/07
=A02  \\$a2450660
=ACF  \\$aPrevious Copyright Fee: GBP20.00$c0$e01-jan-2009$fGBP20.00$g0$hC$5Uk
=ACF  \\$aBritish Library not licensed to copy$c0$e01-oct-2008$hC$iCLA Excluded$5Uk
=ACF  \\$aPrevious Copyright Fee: GBP19.00$c0$e01-jan-2008$fGBP19.00$g0$hC$5Uk
=ACF  \\$aPrevious Copyright Fee: GBP18.00$c0$e01-jan-2005$fGBP18.00$g0$hC$5Uk
=ACF  \\$aPrevious copyright fee: GBP20.00$c5\1$e11-nov-2010$fGBP20.00$g0$hP$5Uk
=ACF  \\$aPrevious copyright fee: GBP21.00$c5\1$e01-jan-2012$fGBP21.00$g0$hP$5Uk
=ACF  \\$aPrevious copyright fee: GBP22.50$c5\1$e01-jan-2013$fGBP22.50$g0$hP$5Uk
=ACF  \\$aPrevious copyright fee: GBP23.40$c5\1$e01-jan-2018$fGBP23.40$g0$hP$5Uk
=CAT  \\$aCONV$b00$c20040425$lBLL90$h0701
=CAT  \\$aBATCH-UPD$b00$c20100630$lBLL01$h1901
=CAT  \\$aBATCH-UPD$b00$c20100630$lBLL01$h1941
=CAT  \\$aIPL-CLA$c20100630$lBLL01$h2007
=CAT  \\$aBATCH-CLA$b00$c20100831$lBLL01$h1534
=CAT  \\$aIPL-CLA$c20100930$lBLL01$h1443
=CAT  \\$a5552$b40$c20101111$lBLL01$h1149
=CAT  \\$aBATCH-UPD$b40$c20111123$lBLL01$h1849
=CAT  \\$aIPL-CLA$c20111230$lBLL01$h1645
=CAT  \\$aBATCH-CLA$b00$c20121103$lBLL01$h1033
=CAT  \\$aBATCH-UPD$b00$c20121121$lBLL01$h1652
=CAT  \\$aIPL-CLA$c20121231$lBLL01$h1241
=CAT  \\$aIPL-CLA$c20130102$lBLL01$h1641
=CAT  \\$aWR13.005$c20130323$lBLL01$h1239
=CAT  \\$aBLDSS-3PM$b00$c20141222$lBLL01$h1708
=CAT  \\$a8323$b40$c20150126$lBLL01$h1400
=CAT  \\$aBATCH-UPD$b40$c20160413$lBLL01$h1800
=CAT  \\$aBATCH-UPD$b40$c20160613$lBLL01$h0944
=CAT  \\$a5552$b40$c20170127$lBLL01$h1115
=CAT  \\$aBATCH-UPD$b40$c20171121$lBLL01$h1736
=CAT  \\$aIPL-CLA$c20171231$lBLL01$h1331
=CAT  \\$a8055$b40$c20180713$lBLL01$h1213
=CAT  \\$aBATCH-UPD$b40$c20190521$lBLL01$h1429
=CAT  \\$aIPL-CLA$c20190630$lBLL01$h1524
=CAT  \\$aBATCH-UPD$b00$c20211119$lBLL01$h1548
=CAT  \\$aIPL-CLA$c20211231$lBLL01$h1534
=CFI  0\$aCurrent copyright fee: GBP34.30$c5\1$e01-jan-2022$fGBP34.30$g0$hP$5Uk
=CFI  2\$aPrevious copyright fee: GBP32.84$c5\1$e01-jul-2019$fGBP32.84$g0$hP$5Uk
=FFP  \\$aY$bBLDSS-3PM
=FIN  \\$aY
=FMT  \\$a  SE
=LAS  \\$aIPL-CLA$b00$c20211231$lBLL01$h1534
=LEO  \\$aMP25.0000218036
=LEO  \\$aMP22.0000036841
=LEO  \\$aMP10.0000176061
=LKR  \\$aPAR$b012298200$lBLL01$r78000$mCurrent advances in immunology & infectious diseases$nCurrent advances in immunology
=SRC  \\$aSRI01$bbibmp25.200404.2.aa
=SRC  \\$aISN01$bbibmp22.200404.2.aa
=SRC  \\$aDSS01$bbibmp10.200404.2.aa
=TCO  \\$aCLA$bCLA$c008
=TOC  \\$aETOC

