=LDR  05538cas a2201297 a 4500
=001  007161308
=003  Uk
=005  20211231153459.0
=007  ta
=008  040409c19999999xxubx\p\\\\\\\0\\\a0eng\\
=015  \\$aGB9944927$2bnb
=019  c\$a2583162
=019  y\$ab9944927
=019  9\$ab9944927
=019  0\$as648862003
=022  0\$a1465-3249
=039  0\$a2547
=040  \\$aUk$cUk$dUk
=082  04$a615.5$222
=084  \\$aCJ 342$2blsrissc
=210  0\$aCytotherapy$b(Oxf.)
=222  \0$aCytotherapy$b(Oxford)
=245  00$aCytotherapy :$bofficial journal of the International Society for Hematotherapy and Graft Engineering.
=260  \\$aOxford :$bISIS Medical Media,$c1999-
=260  2\$a[London] :$bInforma Healthcare
=264  31$aNew York, NY :$bElsevier Inc
=300  \\$av. :$bill. (some col.) ;$c30 cm.
=310  \\$aEight issues yearly,$b2007-
=321  \\$aBimonthly,$b1999-2006
=336  \\$atext$2rdacontent
=337  \\$aunmediated$2rdamedia
=338  \\$avolume$2rdacarrier
=362  0\$aVol. 1, no. 1 (1999)-
=500  \\$aAbsorbed "Cytokines, cellular & molecular therapy" from issue, vol. 7, no. 1 2005 onwards.
=500  \\$aSubtitle varies.
=500  \\$aPublished: Abingdon, Oxfordshire : Taylor & Francis, <2003- >.
=540  \\$aCurrent copyright fee: GBP34.30$c5\1$5Uk
=550  \\$aIssued by: International Society for Cellular Therapy, <2003- >.
=588  \\$aLatest issue consulted: volume 16, number 10 (October 2014).
=650  \0$aCytokines$xTherapeutic use$vPeriodicals.
=650  \0$aCellular therapy$vPeriodicals.
=650  \0$aCell transplantation$vPeriodicals.
=650  \0$aGene therapy$vPeriodicals.
=710  2\$aInternational Society for Hematotherapy and Graft Engineering.
=710  2\$aInternational Society for Cellular Therapy.
=776  0\$tCytotherapy (London, Online)$x1477-2566
=780  15$tCytokines, cellular & molecular therapy$g2005$x1368-4736
=852  41$aBritish Library$bDSC$j3506.883500$3Volume 1 (1999)-volume 8, number 6 (2006)
=852  71$aBritish Library$bSTI$k(P)$hCJ 342$m-E(5)$2blsrissc$3Vol.1 (1999)-
=856  \\$31850-9999$uhttp://www.elsevier.com/journals$xBLDSS
=945  \\$aCYTOTHERAPY -OXFORD-
=957  \\$a990601c
=959  \\$fHeld but not currently received
=963  \\$aCA/M-7 VOL. 1, 1999- *A=1$bN
=985  \\$aRecord merged by DQ team
=985  \\$aISSN note: responsibility for print version transferred to ISSN Centrum Nederland (multinational publisher agreement). 13.11.2014.
=A02  \\$a2583162
=ACF  \\$aPrevious copyright fee: GBP15.00$c2\0$e01-apr-2008$fGBP15.00$g0$hP$5Uk
=ACF  \\$aPrevious copyright fee: GBP16.00$c2\0$e01-jan-2007$fGBP16.00$g0$hP$5Uk
=ACF  \\$aPrevious Copyright Fee: GBP13.00$c2\0$e01-jan-2006$fGBP13.00$g0$hP$5Uk
=ACF  \\$aPrevious Copyright Fee: GBP18.00$c0$e01-jan-2005$fGBP18.00$g0$hC$5Uk
=ACF  \\$aPrevious copyright fee: GBP15.00$c0$e01-jan-2004$fGBP15.00$g0$hC$5Uk
=ACF  \\$aCurrent copyright fee: GBP13.00$c0$e01-oct-2002$fGBP13.00$g0$hC$5Uk
=ACF  \\$aCurrent copyright fee: GBP5.00$c0$e01-jul-2002$fGBP5.00$g0$hC$5Uk
=ACF  \\$aPrevious copyright fee: GBP57.00$c45\0$e09-nov-2009$fGBP57.00$g0$hP$5Uk
=ACF  \\$aCurrent copyright fee: GBP16.00$c2\0$e01-jan-2009$fGBP16.00$g0$hP$5Uk
=ACF  \\$aPrevious copyright fee: GBP22.50$c5\1$e11-oct-2013$fGBP22.50$g0$hP$5Uk
=ACF  \\$aPrevious copyright fee: GBP23.40$c5\1$e01-jan-2018$fGBP23.40$g0$hP$5Uk
=CAT  \\$aCONV$b00$c20040425$lBLL90$h0701
=CAT  \\$aBATCH-UPD$b00$c20081119$lBLL01$h1509
=CAT  \\$aBATCH-UPD$b00$c20081231$lBLL01$h2156
=CAT  \\$aBATCH-UPD$b00$c20081231$lBLL01$h2348
=CAT  \\$aBATCH$b00$c20090101$lBLL01$h0118
=CAT  \\$a5552$b40$c20091109$lBLL01$h1409
=CAT  \\$aBATCH$b00$c20091125$lBLL01$h0247
=CAT  \\$a8323$b40$c20110126$lBLL01$h0952
=CAT  \\$aBATCH-UPD$b40$c20120614$lBLL01$h2128
=CAT  \\$aBATCH-CLA$b00$c20121103$lBLL01$h1032
=CAT  \\$aBATCH-UPD$b00$c20121125$lBLL01$h1434
=CAT  \\$aWR12_168$c20121206$lBLL01$h1808
=CAT  \\$aWR13.005$c20130323$lBLL01$h1240
=CAT  \\$a5552$b40$c20131011$lBLL01$h1403
=CAT  \\$a8483$b40$c20141107$lBLL01$h1408
=CAT  \\$a11315$b40$c20141113$lBLL01$h1531
=CAT  \\$aBLDSS-3PM$b00$c20141222$lBLL01$h1708
=CAT  \\$aBATCH-UPD$b00$c20160413$lBLL01$h1800
=CAT  \\$aBATCH-UPD$b00$c20160520$lBLL01$h1043
=CAT  \\$aBATCH-UPD$b00$c20160524$lBLL01$h2147
=CAT  \\$aBATCH-UPD$b00$c20171121$lBLL01$h1736
=CAT  \\$aIPL-CLA$c20171231$lBLL01$h1332
=CAT  \\$aBATCH-UPD$b00$c20190521$lBLL01$h1429
=CAT  \\$aIPL-CLA$c20190630$lBLL01$h1524
=CAT  \\$aBATCH-UPD$b00$c20211119$lBLL01$h1548
=CAT  \\$aIPL-CLA$c20211231$lBLL01$h1534
=CFI  0\$aCurrent copyright fee: GBP34.30$c5\1$e01-jan-2022$fGBP34.30$g0$hP$5Uk
=CFI  2\$aPrevious copyright fee: GBP32.84$c5\1$e01-jul-2019$fGBP32.84$g0$hP$5Uk
=FFP  \\$aY$bBLDSS-3PM
=FIN  \\$aY
=FMT  \\$a  SE
=LAS  \\$aIPL-CLA$b00$c20211231$lBLL01$h1534
=LEO  \\$aMP5.0001510037
=LEO  \\$aMP22.0000060144
=LEO  \\$aMP25.0000331509
=LEO  \\$aMP10.0000178145
=LKR  \\$aPAR$b013351781$lBLL01$r776$mCytotherapy (Oxford)$nCytotherapy (London. Online)
=SRC  \\$aBNB03$bbibmp5.200404.2.ac
=SRC  \\$aISN01$bbibmp22.200404.2.aa
=SRC  \\$aSRI01$bbibmp25.200404.2.aa
=SRC  \\$aDSS01$bbibmp10.200404.2.aa
=TCO  \\$aCLA$bCLA$c008
=TOC  \\$aETOC

