=LDR  02953 as a2200793 a 4500
=001  007190809
=003  Uk
=005  20080327133841.0
=006  aac\\\\\\\\\000\0\
=007  ta
=008  040519c200u9999sw\br\p\\\\\\\0\\\a0swe\\
=019  c\$a3015047
=022  0\$a1479-4284
=040  \\$aUk$beng$cUk$dUk
=041  0\$aswe$aeng
=222  \0$aPause magazine$b(Stockholm)
=245  00$aPause magazine.
=246  3\$aPau.se magazine
=246  13$aPause
=260  \\$aStockholm ;$bPause Magazine
=300  \\$av. :$bill. (some col.), ports (some col.) ;$c30 cm.
=310  \\$aFive issues yearly
=336  \\$atext$2rdacontent
=337  \\$aunmediated$2rdamedia
=338  \\$avolume$2rdacarrier
=362  0\$aNo. 1-
=500  \\$aDescription based on: No. 2.
=540  \\$aBritish Library not licensed to copy$c0$5Uk
=546  \\$aIn Swedish and English.
=852  41$aBritish Library$bHMNTS$jZK.9.b.21048
=945  \\$aPAUSE MAGAZINE.
=979  \\$aBritish Library$bDSC$j6412.989720N
=985  \\$aResponsibility for ISSN transferred to ISSN Sweden from ISSN UK Centre, 27.03.08.
=ACF  \\$aPrevious copyright fee: GBP9.00$c0$e01-apr-2010$fGBP9.00$g0$hA$5Uk
=ACF  \\$aPrevious copyright fee: GBP6.00$c0$e01-apr-2008$fGBP6.00$g0$hA$5Uk
=ACF  \\$aPrevious copyright fee: GBP5.00$c0$e03-oct-2003$fGBP5.00$g0$hA$5Uk
=CAT  \\$aCONV$b00$c20040425$lBLL90$h0708
=CAT  \\$a6550$b40$c20051109$lBLL01$h0757
=CAT  \\$a6550$b40$c20051109$lBLL01$h0801
=CAT  \\$a6550$b40$c20051109$lBLL01$h0942
=CAT  \\$a6550$b40$c20051109$lBLL01$h1025
=CAT  \\$a6550$b40$c20051109$lBLL01$h1026
=CAT  \\$a6550$b40$c20060113$lBLL01$h0905
=CAT  \\$aBATCH-UPD$b40$c20080223$lBLL01$h2055
=CAT  \\$aBATCH-UPD$b40$c20080225$lBLL01$h2350
=CAT  \\$a6537$b40$c20080327$lBLL01$h1338
=CAT  \\$aBATCH-UPD$b40$c20080330$lBLL01$h0048
=CAT  \\$aBATCH-UPD$b40$c20080330$lBLL01$h1052
=CAT  \\$aBATCH$b00$c20080330$lBLL01$h1833
=CAT  \\$aBATCH-UPD$b00$c20100225$lBLL01$h2258
=CAT  \\$aBATCH-UPD$b00$c20100331$lBLL01$h2044
=CAT  \\$aBATCH-UPD$b00$c20100401$lBLL01$h0024
=CAT  \\$aBATCH$b00$c20100401$lBLL01$h0335
=CAT  \\$aBATCH$b00$c20100401$lBLL01$h1335
=CAT  \\$aBATCH-UPD$b00$c20101124$lBLL01$h1728
=CAT  \\$aBATCH-UPD$b00$c20101125$lBLL01$h0952
=CAT  \\$aIPL-CLA$c20101231$lBLL01$h1155
=CAT  \\$aBATCH-UPD$b00$c20110907$lBLL01$h1753
=CAT  \\$aIPL-CLA$c20110908$lBLL01$h1706
=CAT  \\$aBATCH-CLA$b00$c20121103$lBLL01$h1027
=CAT  \\$aWR13.005$c20130323$lBLL01$h1310
=CFI  0\$aBritish Library not licensed to copy$c0$e07-sep-2011$hC$iTX$5Uk
=CFI  2\$aPrevious copyright fee: GBP10.50$c0$e01-jan-2011$fGBP10.50$g0$hA$5Uk
=FIN  \\$aY$d20051109
=FMT  \\$a  SE
=LAS  \\$aWR13.005$b00$c20130323$lBLL01$h1310
=LEO  \\$aMP10.0000433119
=SRC  \\$aDSS01$bbibmp10.200404.2.aa
=TCO  \\$aXXX$c008

