=LDR  04816 as a2201213ui 4500
=001  007204279
=003  Uk
=005  20201124181947.0
=006  aa\\\|||||||||||||
=007  ta
=008  040417c19969999fr\qr\p\\\\\\\0\\\a0eng\\
=015  \\$aGB9763706$2bnb
=019  c\$a1077235
=019  y\$ab9763706
=019  9\$ab9763706
=019  1\$ab9763706
=022  0\$a1366-8285
=039  0\$a2462
=040  \\$aUk$cUk$dUk
=041  0\$aeng$afre
=082  04$a052$221
=210  0\$aCitiz. K int.
=222  \0$aCitizen K international
=245  00$aCitizen K international.
=246  13$aCitizen K (London)
=246  17$aCitizen K.
=260  \\$aLondon (DNA, 7 Wellington Close, London W11 2AN) :$bCitizen K International,$c[1996?]-
=260  3\$aParis :$bLe Grand Kapital
=300  \\$av. :$bill. (some col) ;$c30 cm.
=310  \\$aQuarterly
=336  \\$atext$2rdacontent
=337  \\$aunmediated$2rdamedia
=338  \\$avolume$2rdacarrier
=362  0\$aNo. 1 ([autumn 1996?])-
=500  \\$aDescription based on: No. 3 (spring 97) issue.
=540  \\$aCurrent Copyright Fee: GBP15.00$c0$5Uk
=546  \\$aText in English or French.
=595  \\$aSEE CARD INDEX.
=650  \0$aFashion$vPeriodicals.
=780  00$tCitizen K (Paris)$x1246-290X
=852  41$aBritish Library$bHMNTS$jZK.9.d.1367$3Spring 1997-Issue 27 (2003)
=945  \\$aCitizen K international.
=979  \\$aBritish Library$bDSC$j3267.792465N
=979  \\$xNot selected
=985  \\$aRecord merged by DQ team.
=985  \\$aResponsibility for ISSN transferred to ISSN France from ISSN UK 04.06.08.
=985  \\$aUpgraded by BSS-generated file for WR2011-1473
=A02  \\$a1077235
=A02  \\$a1077235$z77235
=ACF  \\$aPrevious Copyright Fee: GBP12.00$c0$e01-apr-2012$fGBP12.00$g0$hC$5Uk
=ACF  \\$aPrevious Copyright Fee: GBP12.00$c0$e01-jan-2012$fGBP12.00$g0$hC$5Uk
=ACF  \\$aPrevious Copyright Fee: GBP10.50$c0$e01-oct-2011$fGBP10.50$g0$hC$5Uk
=ACF  \\$aPrevious Copyright Fee: GBP10.50$c0$e01-jul-2011$fGBP10.50$g0$hC$5Uk
=ACF  \\$aPrevious Copyright Fee: GBP10.50$c0$e01-apr-2011$fGBP10.50$g0$hC$5Uk
=ACF  \\$aPrevious Copyright Fee: GBP10.50$c0$e01-jan-2011$fGBP10.50$g0$hC$5Uk
=ACF  \\$aPrevious Copyright Fee: GBP9.00$c0$e01-oct-2010$fGBP9.00$g0$hC$5Uk
=ACF  \\$aPrevious Copyright Fee: GBP9.00$c0$e01-jul-2010$fGBP9.00$g0$hC$5Uk
=ACF  \\$aPrevious Copyright Fee: GBP9.00$c0$e01-apr-2010$fGBP9.00$g0$hC$5Uk
=ACF  \\$aPrevious Copyright Fee: GBP9.00$c0$e01-Jan-2010$fGBP9.00$g0$hC$5Uk
=ACF  \\$aPrevious Copyright Fee: GBP6.00$c0$e01-oct-2009$fGBP6.00$g0$hC$5Uk
=ACF  \\$aPrevious copyright fee: GBP5.00$c0$e20-jun-2002$fGBP5.00$g0$hC$5Uk
=ACF  \\$aPrevious Copyright Fee: GBP12.00$c0$e01-jul-2012$fGBP12.00$g0$hC$5Uk
=ACF  \\$aPrevious Copyright Fee: GBP12.00$c0$e01-oct-2012$fGBP12.00$g0$hC$5Uk
=CAT  \\$aCONV$b00$c20040425$lBLL90$h0713
=CAT  \\$aIPL-CLA$c20100930$lBLL01$h1445
=CAT  \\$aBATCH-CLA$b00$c20101115$lBLL01$h1602
=CAT  \\$aIPL-CLA$c20101231$lBLL01$h1156
=CAT  \\$aBATCH-CLA$b00$c20110228$lBLL01$h1542
=CAT  \\$aIPL-CLA$c20110331$lBLL01$h1425
=CAT  \\$aBATCH-CLA$b00$c20110531$lBLL01$h1634
=CAT  \\$aIPL-CLA$c20110630$lBLL01$h1506
=CAT  \\$aBATCH-CLA$b00$c20110831$lBLL01$h1758
=CAT  \\$aIPL-CLA$c20110930$lBLL01$h1504
=CAT  \\$aBATCH-CLA$b00$c20111130$lBLL01$h1157
=CAT  \\$aIPL-CLA$c20111230$lBLL01$h1700
=CAT  \\$aBATCH-CLA$b00$c20120229$lBLL01$h1615
=CAT  \\$aIPL-CLA$c20120330$lBLL01$h1351
=CAT  \\$aBATCH-CLA$b00$c20120531$lBLL01$h1704
=CAT  \\$aIPL-CLA$c20120629$lBLL01$h0947
=CAT  \\$aBATCH-CLA$b00$c20120831$lBLL01$h1532
=CAT  \\$aIPL-CLA$c20120930$lBLL01$h1958
=CAT  \\$aBATCH-CLA$b00$c20121103$lBLL01$h1026
=CAT  \\$aWR13.005$c20130323$lBLL01$h1311
=CAT  \\$aBATCH-CLA$b00$c20131129$lBLL01$h1645
=CAT  \\$aIPL-CLA$c20131231$lBLL01$h1844
=CAT  \\$aWR14_140$c20140905$lBLL01$h1714
=CAT  \\$aBATCH-CLA$b00$c20161130$lBLL01$h1630
=CAT  \\$aIPL-CLA$c20161230$lBLL01$h1804
=CAT  \\$aW2011-1473$b00$c20201124$lBLL01$h1819
=CFI  0\$aCurrent Copyright Fee: GBP15.00$c0$e01-jan-2017$fGBP15.00$g0$hC$5Uk
=CFI  2\$aPrevious Copyright Fee: GBP12.30$c0$e01-jan-2014$fGBP12.30$g0$hC$5Uk
=FIN  \\$aY
=FMT  \\$a  SE
=LAS  \\$aW2011-1473$b00$c20201124$lBLL01$h1819
=LEO  \\$aMP10.0000148240
=LEO  \\$aMP5.0000843761
=LEO  \\$aMP13.0000343042
=LEO  \\$aMP22.0000053320
=SRC  \\$aDSS01$bbibmp10.200404.2.aa
=SRC  \\$aBNB03$bbibmp5.200404.2.ab
=SRC  \\$aHSS01$bbibmp13.200404.2.aa
=SRC  \\$aISN01$bbibmp22.200404.2.aa
=SRC  \\$aDSS04$bbibld.200404.2.aa
=TCO  \\$aFRA$bCFC$c008

