=LDR  04170cas a2200997 i 4500
=001  007210584
=003  Uk
=005  20221231182559.0
=007  ta
=008  020918d19992008enkar\p\\\\\\\0\\\a0eng\\
=015  \\$aGBA532712$2bnb
=019  c\$a3004125
=022  0\$a1478-1204
=040  \\$aUk$beng$cUk$dUk
=042  \\$aukblsr
=082  04$a613.08878$222
=222  \0$aISSTIP journal
=245  00$aISSTIP journal.
=246  3\$aInternational Society for the Study of Tension in Performance journal
=260  \\$a[Great Britain] :$bISSTIP,$c[1999-2008]
=300  \\$av. :$bill. ;$c30 cm.
=310  \\$aAnnual
=336  \\$atext$2rdacontent
=337  \\$aunmediated$2rdamedia
=338  \\$avolume$2rdacarrier
=362  1\$aCeased in 2008.
=500  \\$aDescription based on: No. 10 (Nov. 2000).
=540  \\$aCurrent Copyright Fee: GBP25.00$c0$5Uk
=595  \\$aSee card index.
=650  \0$aMusicians$xHealth and hygiene$vPeriodicals.
=710  2\$aInternational Society for the Study of Tension in Performance.
=780  00$tJournal of the International Society for the Study of Tension in Performance$x1478-1190
=785  00$tTension in performance$x2042-6895
=852  41$aBritish Library$bHMNTS$jZK.9.b.22133
=945  \\$aISSTIP journal.
=979  \\$aBritish Library$bDSC$j4583.977920N
=985  \\$aResponsibility for ISSN transferred to ISSN International Centre from ISSN UK Centre (international organisation), 05.08.2010
=A02  \\$a3004125
=A02  \\$a3004125$z0
=ACF  \\$aPrevious copyright fee: GBP9.00$c0$e01-apr-2010$fGBP9.00$g0$hA$5Uk
=ACF  \\$aPrevious copyright fee: GBP6.00$c0$e01-apr-2008$fGBP6.00$g0$hA$5Uk
=ACF  \\$aPrevious copyright fee: GBP5.00$c0$e13-aug-2002$fGBP5.00$g0$hA$5Uk
=ACF  \\$aPrevious copyright fee: GBP10.50$c0$e01-jan-2011$fGBP10.50$g0$hA$5Uk
=ACF  \\$aPrevious copyright fee: GBP12.00$c0$e01-jan-2012$fGBP12.00$g0$hA$5Uk
=ACF  \\$aPrevious Copyright Fee: GBP12.30$c0$e01-jan-2014$fGBP12.30$g0$hA$5Uk
=ACF  \\$aPrevious Copyright Fee: GBP15.00$c0$e01-jan-2017$fGBP15.00$g0$hA$5Uk
=ACF  \\$aPrevious Copyright Fee: GBP17.50$c0$e01-jan-2018$fGBP17.50$g0$hA$5Uk
=ACF  \\$aPrevious Copyright Fee: GBP20.00$c0$e01-jan-2020$fGBP20.00$g0$hA$5Uk
=CAT  \\$aCONV$b00$c20040425$lBLL90$h0713
=CAT  \\$aBATCH$b00$c20100401$lBLL01$h1337
=CAT  \\$a11313$b40$c20100722$lBLL01$h1523
=CAT  \\$a11313$b40$c20100805$lBLL01$h1548
=CAT  \\$a11205$b40$c20100818$lBLL01$h1249
=CAT  \\$aBATCH-UPD$b40$c20101124$lBLL01$h1729
=CAT  \\$aBATCH-UPD$b40$c20101125$lBLL01$h0953
=CAT  \\$aIPL-CLA$c20101231$lBLL01$h1156
=CAT  \\$aWR11_203$c20111204$lBLL01$h1255
=CAT  \\$aIPL-CLA$c20111230$lBLL01$h1700
=CAT  \\$aBATCH-CLA$b00$c20121103$lBLL01$h1026
=CAT  \\$aWR13.005$c20130323$lBLL01$h1311
=CAT  \\$aBATCH-CLA$c20131217$lBLL01$h0108
=CAT  \\$aIPL-CLA$c20131231$lBLL01$h1844
=CAT  \\$aWR14_140$c20140905$lBLL01$h1715
=CAT  \\$aBATCH-CLA$b00$c20161222$lBLL01$h1655
=CAT  \\$aIPL-CLA$c20161230$lBLL01$h1804
=CAT  \\$aBATCH-CLA$b00$c20171222$lBLL01$h1950
=CAT  \\$aIPL-CLA$c20171231$lBLL01$h1341
=CAT  \\$aBATCH-CLA$b00$c20191219$lBLL01$h1620
=CAT  \\$aIPL-CLA$c20191231$lBLL01$h1715
=CAT  \\$aR2001-1524$c20200127$lBLL01$h1922
=CAT  \\$aBATCH-CLA$b00$c20201204$lBLL01$h1415
=CAT  \\$aIPL-CLA$c20201231$lBLL01$h1909
=CAT  \\$aBATCH-CLA$b00$c20221221$lBLL01$h1718
=CAT  \\$aIPL-CLA$c20221231$lBLL01$h1825
=CFI  0\$aCurrent Copyright Fee: GBP25.00$c0$e01-jan-2023$fGBP25.00$g0$hA$5Uk
=CFI  2\$aPrevious Copyright Fee: GBP22.50$c0$e01-jan-2021$fGBP22.50$g0$hA$5Uk
=FIN  \\$aY$d20050419
=FMT  \\$a  SE
=LAS  \\$aIPL-CLA$b00$c20221231$lBLL01$h1825
=LEO  \\$aMP22.0000069580
=LEO  \\$aMP10.0000305047
=LKR  \\$aPAR$b008571195$lBLL01$r78000$mISSTIP journal$nJournal of the International Society for the Study of Tension in Performance
=SRC  \\$aISN01$bbibmp22.200404.2.aa
=SRC  \\$aDSS01$bbibmp10.200404.2.aa
=SRC  \\$aDSS04$bbibld.200404.2.aa
=TCO  \\$aCLA$bCLA$c008

