=LDR  02131 as a2200565 a 4500
=001  007210965
=003  Uk
=005  20130326105205.0
=008  040528d20042012enkqr\p\\\\\\\0\\\a0eng\\
=015  \\$aGBA522178$2bnb
=022  0\$a1742-4623
=040  \\$aUk$beng$cUk
=042  \\$aukblsr
=082  04$a266.3$222
=222  \0$aUSPG prayer diary
=245  00$aUSPG prayer diary.
=246  3\$aUnited Society for the Propagation of the Gospel prayer diary
=260  \\$aLondon (Partnership House, 157 Westminster Rd, London SE1 8XA) :$bUSPG,$c2004-
=300  \\$av. :$bill., ports. ;$c21 cm.
=310  \\$aQuarterly
=336  \\$atext$2rdacontent
=337  \\$aunmediated$2rdamedia
=338  \\$avolume$2rdacarrier
=362  0\$a4 Jan./14 Feb. 2004-
=610  20$aUnited Society for the Propagation of the Gospel$vPrayer books and devotions$vPeriodicals.
=710  2\$aUnited Society for the Propagation of the Gospel.
=780  00$tEncounter (United Society for the Propagation of the Gospel)
=785  00$tPray with Us$x2052-3696
=852  41$aBritish Library$bHMNTS$jZK.9.a.9199
=985  \\$aResponsibility for ISSN transferred to IC from ISSN UK Centre, 02.02.07
=A02  \\$a3025704$z0
=CAT  \\$aCONV$b00$c20040425$lBLL90$h0713
=CAT  \\$aCONV$b00$c20040502$lBLL01$h1212
=CAT  \\$a6537$b40$c20040927$lBLL01$h1225
=CAT  \\$a6537$b40$c20050310$lBLL01$h0848
=CAT  \\$a6537$b40$c20070202$lBLL01$h1427
=CAT  \\$aBATCH-UPD$b40$c20070705$lBLL01$h2052
=CAT  \\$aBATCH-UPD$b40$c20090208$lBLL01$h1800
=CAT  \\$aBATCH$b00$c20091207$lBLL01$h0422
=CAT  \\$aBATCH$b00$c20091214$lBLL01$h0228
=CAT  \\$aBATCH-UPD$b00$c20100929$lBLL01$h1144
=CAT  \\$a5997$b40$c20130305$lBLL01$h1312
=CAT  \\$a11313$b40$c20130326$lBLL01$h1052
=CAT  \\$aWR14_140$c20140905$lBLL01$h1715
=FIN  \\$aY$d20050310
=FMT  \\$a  SE
=LAS  \\$aWR14_140$b00$c20140905$lBLL01$h1715
=LKR  \\$aPAR$b007851131$lBLL01$r78000$mUSPG prayer diary$nEncounter (United Society for the Propogation of the Gospel)
=SRC  \\$aDSS04$bbibld.200404.2.aa
=TCO  \\$aCLA$bCLA$c008

