=LDR  02076 as a2200613ua 4500
=001  007235593
=003  Uk
=005  20070412100828.0
=007  ta
=008  940912c19949999enkar\\\\\\\\\0\\\a0eng\\
=015  \\$aGB9462398$2bnb
=019  y\$ab9462398
=019  9\$ab9462398
=019  1\$ab9462398
=022  0\$a1353-3029
=039  0\$a2301
=040  \\$aUk$cUk$dUk
=082  04$a378.025171241$220
=210  0\$aCheckl. univ. inst. commonw.
=222  \0$aChecklist of university institutions in the Commonwealth
=245  00$aChecklist of university institutions in the Commonwealth.
=260  \\$aLondon :$bAssociation of Commonwealth Universities,$c1994-
=300  \\$av. ;$c21 cm.
=310  \\$aAnnual
=336  \\$atext$2rdacontent
=337  \\$aunmediated$2rdamedia
=338  \\$avolume$2rdacarrier
=362  0\$a1994/1995-
=580  \\$aContinues: List of university institutions in the Commonwealth.
=653  1\$aCommonwealth countries$aUniversities
=710  2\$aAssociation of Commonwealth Universities.
=730  0\$aList of university institutions in the Commonwealth,$x0306-1752.
=780  00$tList of university institutions in the Commonwealth$x0306-1752
=852  41$aBritish Library$bHMNTS$j8358.s.4$31994/1995-
=985  \\$aResponsibility for ISSN transferred to IC from ISSN UK, 12.04.07
=CAT  \\$aCONV$b00$c20040425$lBLL90$h0726
=CAT  \\$aCONV$b00$c20040502$lBLL01$h1213
=CAT  \\$aglobal_upd$b40$c20060417$lBLL01$h1549
=CAT  \\$a6537$b40$c20070412$lBLL01$h1008
=CAT  \\$aWR09-126
=CAT  \\$aBATCH-UPD$b40$c20090904$lBLL01$h1707
=CAT  \\$aBATCH$b00$c20091118$lBLL01$h2252
=CAT  \\$aWR14_140$c20140905$lBLL01$h1716
=FIN  \\$aY
=FMT  \\$a  SE
=LAS  \\$aWR14_140$b00$c20140905$lBLL01$h1716
=LEO  \\$aMP5.0000820567
=LEO  \\$aMP13.0000327584
=LEO  \\$aMP22.0000043093
=SRC  \\$aDSS04$bbibld.200404.2.aa
=SRC  \\$aBNB03$bbibmp5.200404.2.ab
=SRC  \\$aHSS01$bbibmp13.200404.2.aa
=SRC  \\$aISN01$bbibmp22.200404.2.aa
=TCO  \\$aCLA$bCLA$c008

