=LDR  03947cas a2200997ua 4500
=001  007238549
=003  Uk
=005  20221231182637.0
=007  ta
=008  941210c19929999it\uu\p\\\\\\\0\\\a0mul\\
=015  \\$aGB9500932$2bnb
=019  y\$ab9500932
=019  c\$a2479077
=019  9\$ab9500932
=019  1\$ab9500932
=022  0\$a1357-2806
=039  0\$a2321
=040  \\$aUk$cUk
=082  04$a271.2$220
=210  0\$aDominic. hist. newsl.
=222  \0$aDominican history newsletter
=245  00$aDominican history newsletter =$bBulletin d'histoire Dominicaine = Bollettino di storia Domenicana.
=246  3\$aBulletin d'histoire Dominicaine
=246  3\$aBollettino di storia Domenicana
=260  \\$aOxonii [Oxford] :$bCentrum Historicum Dominicanum,$c1992-
=300  \\$av. ;$c21cm.
=336  \\$atext$2rdacontent
=337  \\$aunmediated$2rdamedia
=338  \\$avolume$2rdacarrier
=362  0\$a1 (1992)-
=540  \\$aCurrent Copyright Fee: GBP25.00$c0$5Uk
=546  \\$aText in English, Latin, French and Italian.
=653  1\$aCatholicism$aReligious orders$aHistory
=710  2\$aCentrum Historicum Dominicanum.
=852  41$aBritish Library$bHMNTS$jZK.9.a.3744$31 (1992)-
=945  \\$aDOMINICAN HISTORY NEWSLETTER.
=963  \\$a1, 1992- *A=1$bN$cL100.B.16
=979  \\$aBritish Library$bDSC$j3617.564600N
=985  \\$aResponsibility for ISSN transferred to Italian ISSN Centre from ISSN UK Centre, 19/12/11
=ACF  \\$aPrevious copyright fee: GBP5.00$c0$e01-jul-2002$fGBP5.00$g0$hC$5Uk
=ACF  \\$aCurrent copyright fee: GBP4.40$c0$e01-jul-1998$fGBP4.40$g0$hA$5Uk
=ACF  \\$aCurrent copyright fee: GBP4.20$c0$e01-apr-1997$fGBP4.20$g0$hA$5Uk
=ACF  \\$aPrevious copyright fee: GBP10.50$c0$e01-jan-2011$fGBP10.50$g0$hA$5Uk
=ACF  \\$aPrevious copyright fee: GBP12.00$c0$e01-jan-2012$fGBP12.00$g0$hA$5Uk
=ACF  \\$aPrevious Copyright Fee: GBP12.30$c0$e01-jan-2014$fGBP12.30$g0$hA$5Uk
=ACF  \\$aPrevious Copyright Fee: GBP15.00$c0$e01-jan-2017$fGBP15.00$g0$hA$5Uk
=ACF  \\$aPrevious Copyright Fee: GBP17.50$c0$e01-jan-2018$fGBP17.50$g0$hA$5Uk
=ACF  \\$aPrevious Copyright Fee: GBP20.00$c0$e01-jan-2020$fGBP20.00$g0$hA$5Uk
=CAT  \\$aCONV$b00$c20040425$lBLL90$h0726
=CAT  \\$aCONV$b00$c20040502$lBLL01$h1213
=CAT  \\$aWR09-126
=CAT  \\$aBATCH-UPD$b00$c20090904$lBLL01$h1707
=CAT  \\$aBATCH$b00$c20091118$lBLL01$h2253
=CAT  \\$a10806$b40$c20111219$lBLL01$h1620
=CAT  \\$a10806$b40$c20111220$lBLL01$h0903
=CAT  \\$aIPL-CLA$c20111230$lBLL01$h1701
=CAT  \\$aBATCH-CLA$b00$c20121103$lBLL01$h1026
=CAT  \\$aWR13.005$c20130323$lBLL01$h1314
=CAT  \\$aBATCH-CLA$c20131217$lBLL01$h0109
=CAT  \\$aIPL-CLA$c20131231$lBLL01$h1845
=CAT  \\$aWR14_140$c20140905$lBLL01$h1716
=CAT  \\$aBATCH-CLA$b00$c20161222$lBLL01$h1655
=CAT  \\$aIPL-CLA$c20161230$lBLL01$h1805
=CAT  \\$aBATCH-CLA$b00$c20171222$lBLL01$h1950
=CAT  \\$aIPL-CLA$c20171231$lBLL01$h1341
=CAT  \\$aBATCH-CLA$b00$c20191219$lBLL01$h1620
=CAT  \\$aIPL-CLA$c20191231$lBLL01$h1715
=CAT  \\$aR2001-1524$c20200127$lBLL01$h1922
=CAT  \\$aBATCH-CLA$b00$c20201204$lBLL01$h1415
=CAT  \\$aIPL-CLA$c20201231$lBLL01$h1910
=CAT  \\$aBATCH-CLA$b00$c20221221$lBLL01$h1718
=CAT  \\$aIPL-CLA$c20221231$lBLL01$h1826
=CFI  0\$aCurrent Copyright Fee: GBP25.00$c0$e01-jan-2023$fGBP25.00$g0$hA$5Uk
=CFI  2\$aPrevious Copyright Fee: GBP22.50$c0$e01-jan-2021$fGBP22.50$g0$hA$5Uk
=FIN  \\$aY
=FMT  \\$a  SE
=LAS  \\$aIPL-CLA$b00$c20221231$lBLL01$h1826
=LEO  \\$aMP5.0000824892
=LEO  \\$aMP13.0000330642
=LEO  \\$aMP10.0000194638
=LEO  \\$aMP22.0000045881
=SRC  \\$aBNB03$bbibmp5.200404.2.ab
=SRC  \\$aHSS01$bbibmp13.200404.2.aa
=SRC  \\$aDSS01$bbibmp10.200404.2.aa
=SRC  \\$aISN01$bbibmp22.200404.2.aa
=TCO  \\$aCLA$bCLA$c008

