=LDR  05743cas a2201285 a 4500
=001  007240763
=003  Uk
=005  20230930080116.0
=007  ta
=008  950612c19959999enkbr\p\\\\\\\0\\\a0eng\\
=015  \\$aGB9542954$2bnb
=019  y\$ab9542954
=019  9\$ab9542954
=019  c\$a2502498
=019  1\$ab9542954
=022  0\$a1354-0602
=039  0\$a2340
=040  \\$aUk$beng$cUk$dUk
=042  \\$aukblsr
=082  04$a371.1$220
=210  0\$aTeach. teach.
=222  \0$aTeachers and teaching
=245  00$aTeachers and teaching :$btheory and practice.
=260  \\$aAbingdon :$bCarfax,$c1995-
=264  31$aAbingdon :$bTaylor & Francis
=300  \\$av. ;$c25 cm.
=310  \\$aBimonthly
=336  \\$atext$2rdacontent
=337  \\$aunmediated$2rdamedia
=338  \\$avolume$2rdacarrier
=362  0\$aVol. 1, no. 1 (Mar. 1995)-
=500  \\$aFrequency varies.
=540  \\$aCurrent copyright fee: GBP37.00$c2\0$5Uk
=550  \\$aThe journal of the International Study Association on Teacher Thinking, 1995-2000; the journal of the International Study Association on Teachers and Teaching, 2000-.
=555  \\$aAnnual index published in October issue.
=588  \\$aLatest issue consulted: volume 19, number 2 (April 2013).
=650  \0$aTeaching$vPeriodicals.
=653  1\$aTeaching
=710  2\$aInternational Study Association on Teacher Thinking.
=710  2\$aInternational Study Association on Teachers and Teaching.
=776  0\$tTeachers and teaching (Online)$x1470-1278
=852  41$aBritish Library$bDSC$j8613.634000$3Vol. 1, no. 1 (1995)-v. 20, no. 6 (2014)***UKRR Retained Title***Stock Incomplete
=852  41$aBritish Library$bHMNTS$jZC.9.a.4200$3Vol. 1, no. 1 (Mar. 1995)-v. 21, no. 8 (2015)***title now taken as electronic copy only
=856  \\$31850-9999$uhttp://www.tandfonline.com/$xBLDSS
=945  \\$aTEACHERS AND TEACHING.
=959  \\$fHeld but not currently received
=963  \\$aVOL. 1, 1995- *A=1$bY$cL240.C.2642
=985  \\$aISSN responsibility taken by US ISSN Center (multinational publisher), August 21 2013.
=ACF  \\$aPrevious copyright fee: GBP17.00$c1\0$e01-jan-2010$fGBP17.00$g0$hP$5Uk
=ACF  \\$aPrevious copyright fee: GBP16.00$c1\0$e01-jan-2009$fGBP16.00$g0$hP$5Uk
=ACF  \\$aPrevious copyright fee: GBP15.00$c1\0$e01-apr-2008$fGBP15.00$g0$hP$5Uk
=ACF  \\$aPrevious copyright fee: GBP16.00$c1\0$e01-jan-2007$fGBP16.00$g0$hP$5Uk
=ACF  \\$aPrevious copyright fee: GBP13.00$c1\0$e01-jan-2005$fGBP13.00$g0$hP$5Uk
=ACF  \\$aPrevious copyright fee: GBP11.00$c1\0$e01-jan-2004$fGBP11.00$g0$hP$5Uk
=ACF  \\$aCurrent copyright fee: GBP10.00$c1\0$e01-apr-2002$fGBP10.00$g0$hP$5Uk
=ACF  \\$aCurrent copyright fee: GBP9.00$c1\0$e01-jan-2000$fGBP9.00$g0$hP$5Uk
=ACF  \\$aPrevious copyright fee: GBP21.00$c1\0$e01-jan-2011$fGBP21.00$g0$hP$5Uk
=ACF  \\$aPrevious copyright fee: GBP23.00$c1\0$e01-jan-2012$fGBP23.00$g0$hP$5Uk
=ACF  \\$aPrevious copyright fee: GBP23.50$c1\0$e01-jan-2013$fGBP23.50$g0$hP$5Uk
=ACF  \\$aPrevious copyright fee: GBP24.00$c1\0$e01-jan-2014$fGBP24.00$g0$hP$5Uk
=ACF  \\$aPrevious copyright fee: GBP25.00$c1\0$e01-jan-2015$fGBP25.00$g0$hP$5Uk
=ACF  \\$aPrevious copyright fee: GBP26.00$c1\0$e01-jan-2016$fGBP26.00$g0$hP$5Uk
=ACF  \\$aPrevious copyright fee: GBP28.00$c1\0$e01-jan-2017$fGBP28.00$g0$hP$5Uk
=ACF  \\$aPrevious copyright fee: GBP30.00$c1\0$e01-jan-2018$fGBP30.00$g0$hP$5Uk
=ACF  \\$aPrevious copyright fee: GBP32.00$c1\0$e01-jan-2019$fGBP32.00$g0$hP$5Uk
=ACF  \\$aPrevious copyright fee: GBP34.00$c1\0$e01-jan-2020$fGBP34.00$g0$hP$5Uk
=ACF  \\$aPrevious copyright fee: GBP35.00$c1\0$e01-jan-2021$fGBP35.00$g0$hP$5Uk
=CAT  \\$aWR09-126
=CAT  \\$aIPL-CLA$c20131231$lBLL01$h1845
=CAT  \\$aBATCH-CLA$b00$c20140125$lBLL01$h1319
=CAT  \\$aBATCH-CLA$c20140225$lBLL01$h2313
=CAT  \\$aWR14_140$c20140905$lBLL01$h1717
=CAT  \\$aBATCH-UPD$b00$c20141124$lBLL01$h1740
=CAT  \\$aBLDSS-3PM$b00$c20141130$lBLL01$h1244
=CAT  \\$aIPL-CLA$c20141231$lBLL01$h1640
=CAT  \\$aBATCH-UPD$b00$c20151119$lBLL01$h1519
=CAT  \\$aIPL-CLA$c20151231$lBLL01$h1905
=CAT  \\$aBATCH-UPD$b00$c20160413$lBLL01$h1801
=CAT  \\$aBATCH-UPD$b00$c20160613$lBLL01$h1218
=CAT  \\$aBATCH-UPD$b00$c20161122$lBLL01$h1442
=CAT  \\$aIPL-CLA$c20161230$lBLL01$h1805
=CAT  \\$aBATCH-UPD$b00$c20171121$lBLL01$h1622
=CAT  \\$aIPL-CLA$c20171231$lBLL01$h1342
=CAT  \\$aBATCH-UPD$b00$c20181217$lBLL01$h1628
=CAT  \\$aIPL-CLA$c20181231$lBLL01$h1532
=CAT  \\$aBATCH-UPD$b00$c20191122$lBLL01$h1841
=CAT  \\$aIPL-CLA$c20191231$lBLL01$h1715
=CAT  \\$aBATCH-UPD$b00$c20201118$lBLL01$h1323
=CAT  \\$aIPL-CLA$c20201231$lBLL01$h1518
=CAT  \\$aBATCH-UPD$b00$c20221121$lBLL01$h1318
=CAT  \\$aIPL-CLA$c20221231$lBLL01$h1432
=CAT  \\$aR2308-1440$c20230824$lBLL01$h0925
=CAT  \\$aIPL-CLA$c20230930$lBLL01$h0801
=CFI  0\$aCurrent copyright fee: GBP37.00$c2\0$e01-oct-2023$fGBP37.00$g0$hP$5Uk
=CFI  2\$aPrevious copyright fee: GBP37.00$c1\0$e01-jan-2023$fGBP37.00$g0$hP$5Uk
=FFP  \\$aY$bBLDSS-3PM
=FIN  \\$aY
=FMT  \\$a  SE
=LAS  \\$aIPL-CLA$b00$c20230930$lBLL01$h0801
=LEO  \\$aMP5.0000828392
=LEO  \\$aMP10.0000566644
=LEO  \\$aMP13.0000332919
=LEO  \\$aMP22.0000043627
=LKR  \\$aPAR$b013364258$lBLL01$r776$mTeachers and teaching$nTeachers and teaching
=SRC  \\$aBNB03$bbibmp5.200404.2.ab
=SRC  \\$aDSS01$bbibmp10.200404.2.aa
=SRC  \\$aHSS01$bbibmp13.200404.2.aa
=SRC  \\$aISN01$bbibmp22.200404.2.aa
=TCO  \\$aCLA$bCLA$c008
=TOC  \\$aETOC

