=LDR  05606cas a2201285 a 4500
=001  007242990
=003  Uk
=005  20221231143254.0
=007  ta
=008  951205c19959999enkqr\p\\\\\\\0\\\a0eng\\
=015  \\$aGB9590064$2bnb
=019  y\$ab9590064
=019  9\$ab9590064
=019  c\$a2520682
=019  1\$ab9590064
=022  \\$a1360-2381
=039  0\$a2366
=040  \\$aUk$beng$cUk$dUk
=042  \\$aukblsr
=082  04$a338.095$220
=210  0\$aAsia Pac. bus. rev.
=222  \0$aAsia Pacific business review
=245  00$aAsia Pacific business review.
=260  \\$aLondon :$bF. Cass,$c1995-
=264  31$aAbingdon :$bRoutledge, an imprint of Taylor & Francis
=300  \\$av. ;$c24 cm.
=310  \\$aQuarterly
=336  \\$atext$2rdacontent
=337  \\$aunmediated$2rdamedia
=338  \\$avolume$2rdacarrier
=362  0\$aVol. 2, no. 1 (autumn 1995)-
=540  \\$aCurrent copyright fee: GBP37.00$c2\0$5Uk
=588  \\$aLatest issue consulted: volume 19, number 3 (July 2013).
=595  \\$aFORMERLY 4983.765 UP TO VOL. 1, 1995.
=650  \0$aIndustries$zFar East$vPeriodicals.
=651  \0$aEast Asia$xCommerce$vPeriodicals.
=653  1\$aBusiness
=653  1\$aSouth-East Asia
=690  7\$aManagement and Business Studies$2blcoll
=776  08$iAlso issued online as:$tAsia Pacific business review (Online)$x1743-792X
=780  00$tJournal of Far Eastern business$x1351-0363
=852  41$aBritish Library$bHMNTS$jZC.9.a.4087$3Vol. 2, no. 1 (Autumn 1995)-v. 21, no. 4 (Oct. 2015)***title now taken as electronic copy only
=852  41$aBritish Library$bDSC$j1742.257600$3Vol. 2, no. 1 (1995)-v. 17, no. 4 (2011)***UKRR Retained Title
=856  \\$31850-9999$uhttp://www.tandfonline.com/$xBLDSS
=945  \\$aASIA PACIFIC BUSINESS REVIEW
=959  \\$fHeld but not currently received
=963  \\$aV0L. 2, 1995- *A=1$bN$cL227.C.1258
=985  \\$aISSN responsibility taken by US ISSN Center (multinational publisher), September 5 2013.
=A02  \\$a2520682
=ACF  \\$aPrevious copyright fee: GBP17.00$c2\0$e01-jan-2010$fGBP17.00$g0$hP$5Uk
=ACF  \\$aPrevious copyright fee: GBP16.00$c2\0$e01-jan-2009$fGBP16.00$g0$hP$5Uk
=ACF  \\$aPrevious copyright fee: GBP15.00$c2\0$e01-apr-2008$fGBP15.00$g0$hP$5Uk
=ACF  \\$aPrevious copyright fee: GBP16.00$c2\0$e01-jan-2007$fGBP16.00$g0$hP$5Uk
=ACF  \\$aPrevious copyright fee: GBP13.00$c2\0$e01-jan-2005$fGBP13.00$g0$hP$5Uk
=ACF  \\$aPrevious copyright fee: GBP11.00$c2\0$e01-jan-2004$fGBP11.00$g0$hP$5Uk
=ACF  \\$aCurrent copyright fee: GBP5.00$c0$e01-jul-2002$fGBP5.00$g0$hC$5Uk
=ACF  \\$aCurrent copyright fee: GBP0.84$c0$e01-jul-2001$fGBP0.84$g0$hC$5Uk
=ACF  \\$aPrevious copyright fee: GBP21.00$c2\0$e01-jan-2011$fGBP21.00$g0$hP$5Uk
=ACF  \\$aPrevious copyright fee: GBP23.00$c2\0$e01-jan-2012$fGBP23.00$g0$hP$5Uk
=ACF  \\$aPrevious copyright fee: GBP23.50$c2\0$e01-jan-2013$fGBP23.50$g0$hP$5Uk
=ACF  \\$aPrevious copyright fee: GBP24.00$c2\0$e01-jan-2014$fGBP24.00$g0$hP$5Uk
=ACF  \\$aPrevious copyright fee: GBP25.00$c2\0$e01-jan-2015$fGBP25.00$g0$hP$5Uk
=ACF  \\$aPrevious copyright fee: GBP26.00$c2\0$e01-jan-2016$fGBP26.00$g0$hP$5Uk
=ACF  \\$aPrevious copyright fee: GBP28.00$c2\0$e01-jan-2017$fGBP28.00$g0$hP$5Uk
=ACF  \\$aPrevious copyright fee: GBP30.00$c2\0$e01-jan-2018$fGBP30.00$g0$hP$5Uk
=ACF  \\$aPrevious copyright fee: GBP32.00$c2\0$e01-jan-2019$fGBP32.00$g0$hP$5Uk
=ACF  \\$aPrevious copyright fee: GBP34.00$c2\0$e01-jan-2020$fGBP34.00$g0$hP$5Uk
=CAT  \\$aWR09-126
=CAT  \\$aBATCH-UPD$b40$c20131119$lBLL01$h1957
=CAT  \\$aIPL-CLA$c20131231$lBLL01$h1846
=CAT  \\$aBATCH-CLA$b00$c20140125$lBLL01$h1318
=CAT  \\$aBATCH-CLA$c20140225$lBLL01$h2313
=CAT  \\$aWR14_140$c20140905$lBLL01$h1717
=CAT  \\$aBATCH-UPD$b00$c20141124$lBLL01$h1759
=CAT  \\$aBLDSS-3PM$b00$c20141130$lBLL01$h1244
=CAT  \\$aIPL-CLA$c20141231$lBLL01$h1641
=CAT  \\$aBATCH-UPD$b00$c20151119$lBLL01$h1540
=CAT  \\$aIPL-CLA$c20151231$lBLL01$h1905
=CAT  \\$a8323$b40$c20160104$lBLL01$h1417
=CAT  \\$aBATCH-UPD$b40$c20160413$lBLL01$h1801
=CAT  \\$aBATCH-UPD$b40$c20160616$lBLL01$h1413
=CAT  \\$aBATCH-UPD$b40$c20161122$lBLL01$h1510
=CAT  \\$aIPL-CLA$c20161230$lBLL01$h1805
=CAT  \\$aBATCH-UPD$b00$c20171121$lBLL01$h1644
=CAT  \\$aIPL-CLA$c20171231$lBLL01$h1342
=CAT  \\$aBATCH-UPD$b00$c20181217$lBLL01$h1636
=CAT  \\$aIPL-CLA$c20181231$lBLL01$h1532
=CAT  \\$aBATCH-UPD$b00$c20191122$lBLL01$h1858
=CAT  \\$aIPL-CLA$c20191231$lBLL01$h1715
=CAT  \\$aBATCH-UPD$b00$c20201118$lBLL01$h1331
=CAT  \\$aIPL-CLA$c20201231$lBLL01$h1518
=CAT  \\$aBATCH-UPD$b00$c20221121$lBLL01$h1344
=CAT  \\$aIPL-CLA$c20221231$lBLL01$h1432
=CFI  0\$aCurrent copyright fee: GBP37.00$c2\0$e01-jan-2023$fGBP37.00$g0$hP$5Uk
=CFI  2\$aPrevious copyright fee: GBP35.00$c2\0$e01-jan-2021$fGBP35.00$g0$hP$5Uk
=FFP  \\$aY$bBLDSS-3PM
=FIN  \\$aY
=FMT  \\$a  SE
=LAS  \\$aIPL-CLA$b00$c20221231$lBLL01$h1432
=LEO  \\$aMP5.0000831896
=LEO  \\$aMP10.0000078228
=LEO  \\$aMP13.0000335209
=LEO  \\$aMP22.0000048023
=LKR  \\$aPAR$b013352856$lBLL01$r776$mAsia Pacific business review (Print)$nAsia Pacific business review (Online)
=SRC  \\$aBNB03$bbibmp5.200404.2.ab
=SRC  \\$aDSS01$bbibmp10.200404.2.aa
=SRC  \\$aHSS01$bbibmp13.200404.2.aa
=SRC  \\$aISN01$bbibmp22.200404.2.aa
=TCO  \\$aCLA$bCLA$c008
=TOC  \\$aETOC

