=LDR  02345cas a22007457a 4500
=001  007243212
=003  Uk
=005  20091029131426.0
=006  aa\\\j||||||||||||
=007  ta
=008  951120c19959999enkmr\p\\\\\\\0\\\a0eng\\
=015  \\$aGB9594218$2bnb
=019  y\$ab9594218
=019  9\$ab9594218
=019  1\$ab9594218
=022  1\$a1366-9028
=039  0\$a2368
=040  \\$aUk$cUk$dUk
=082  04$a500$220
=222  \0$aDiscovery box
=245  00$aDiscovery box :$bnature, science, history.
=246  13$aCollins discovery box
=246  3\$aDiscoverybox
=260  \\$aLondon :$bHarperCollins and Bayard,$c1995-
=260  3\$aParis ;$a[Great Britain] :$bBayard Presse S.A.
=300  \\$av. :$bcol.ill. ;$c21 cm.
=336  \\$atext$2rdacontent
=337  \\$aunmediated$2rdamedia
=338  \\$avolume$2rdacarrier
=362  0\$a[No.1]-
=500  \\$aLatest issue consulted: No. 121
=650  \0$aScience$vJuvenile literature.
=650  \0$aScience$vPeriodicals.
=650  \0$aHistory$vJuvenile literature
=650  \0$aHistory$vPeriodicals.
=650  \0$aNatural history$vJuvenile literature
=650  \0$aNatural history$vPeriodicals.
=653  1\$aNatural history
=653  1\$aScience
=653  1\$aHistory
=852  41$aBritish Library$bHMNTS$jZK.9.a.4387
=985  \\$aRecord merged by DQ team
=985  \\$aResponsibility for ISSN transferred to ISSN France from ISSN UK Centre, 29.10.2009
=CAT  \\$aCONV$b00$c20040425$lBLL90$h0726
=CAT  \\$aCONV$b00$c20040502$lBLL01$h1213
=CAT  \\$a8456$b40$c20061215$lBLL01$h1509
=CAT  \\$a5110$b40$c20090120$lBLL01$h1138
=CAT  \\$a8483$b40$c20090219$lBLL01$h1505
=CAT  \\$a8483$b40$c20090227$lBLL01$h0904
=CAT  \\$a8483$b40$c20090227$lBLL01$h0915
=CAT  \\$a11313$b40$c20091029$lBLL01$h1314
=CAT  \\$aBATCH$b00$c20091207$lBLL01$h0425
=CAT  \\$aBATCH$b00$c20091214$lBLL01$h0231
=CAT  \\$aWR14_140$c20140905$lBLL01$h1717
=FIN  \\$aY
=FMT  \\$a  SE
=LAS  \\$aWR14_140$b00$c20140905$lBLL01$h1717
=LEO  \\$aMP22.0000053382
=LEO  \\$aMP5.0000832247
=LEO  \\$aMP13.0000335435
=SRC  \\$aDSS04$bbibld.200404.2.aa
=SRC  \\$aISN01$bbibmp22.200404.2.aa
=SRC  \\$aBNB03$bbibmp5.200404.2.ab
=SRC  \\$aHSS01$bbibmp13.200404.2.aa
=TCO  \\$aCLA$bCLA$c008

