=LDR  04383cas a2201081 a 4500
=001  007243214
=003  Uk
=005  20230210004255.0
=006  aa\\\j||||||||||||
=007  ta
=008  951120c19969999enkmn\p\\\\\\\0\\\a0eng\\
=015  \\$aGB9594225$2bnb
=019  y\$ab9594225
=019  9\$ab9594225
=019  1\$ab9594225
=022  1\$a1366-9001
=039  0\$a2368
=040  \\$aUk$beng$cUk$dUk
=042  \\$aukblsr
=082  04$a823.914$223
=222  \0$aAdventure box
=245  00$aAdventure box.
=246  18$aAdventureBox
=246  3\$aCollins adventure box
=260  \\$aLondon :$bHarperCollins,$c[1996]-
=260  2\$aMontrouge :$bBayard Presse
=264  31$aKowloon Hong Kong :$bBayard Presse Asia - Le Grain de Seneve Publishing Co. Ltd
=300  \\$av. :$bcol.ill. ;$c21 cm.
=310  \\$aNine to eleven times a year
=336  \\$atext$2rdacontent
=337  \\$aunmediated$2rdamedia
=338  \\$avolume$2rdacarrier
=362  0\$a[No.1]-
=540  \\$aCurrent Copyright Fee: GBP25.00$c0$5Uk
=588  \\$aLatest issue consulted: issue 227 (October 2018).
=650  \0$aChildren's periodicals, English.
=653  1\$aEnglish fiction$aChildren's stories
=852  41$aBritish Library$bHMNTS$jZK.9.a.4386$3[No.1]-issue 250 (Jan./Feb. 2021)
=985  \\$aRecord merged by DQ team
=985  \\$aResponsibility for ISSN transferred to ISSN France from ISSN UK Centre, 29.10.2009
=ACF  \\$aPrevious Copyright Fee: GBP12.00$c0$e01-apr-2012$fGBP12.00$g0$hC$5Uk
=ACF  \\$aPrevious Copyright Fee: GBP12.00$c0$e01-jan-2012$fGBP12.00$g0$hC$5Uk
=ACF  \\$aPrevious Copyright Fee: GBP10.50$c0$e01-oct-2011$fGBP10.50$g0$hC$5Uk
=ACF  \\$aPrevious Copyright Fee: GBP10.50$c0$e01-jul-2011$fGBP10.50$g0$hC$5Uk
=ACF  \\$aPrevious Copyright Fee: GBP10.50$c0$e01-apr-2011$fGBP10.50$g0$hC$5Uk
=ACF  \\$aPrevious Copyright Fee: GBP12.00$c0$e01-jul-2012$fGBP12.00$g0$hC$5Uk
=ACF  \\$aPrevious Copyright Fee: GBP12.00$c0$e01-oct-2012$fGBP12.00$g0$hC$5Uk
=ACF  \\$aPrevious Copyright Fee: GBP12.30$c0$e01-jan-2014$fGBP12.30$g0$hC$5Uk
=ACF  \\$aPrevious Copyright Fee: GBP15.00$c0$e01-jan-2017$fGBP15.00$g0$hC$5Uk
=ACF  \\$aPrevious Copyright Fee: GBP17.50$c0$e01-jan-2018$fGBP17.50$g0$hC$5Uk
=ACF  \\$aPrevious Copyright Fee: GBP20.00$c0$e01-jan-2020$fGBP20.00$g0$hC$5Uk
=ACF  \\$aPrevious Copyright Fee: GBP22.50$c0$e01-jan-2021$fGBP22.50$g0$hC$5Uk
=CAT  \\$aCONV$b00$c20040425$lBLL90$h0726
=CAT  \\$aBATCH-CLA$b00$c20110831$lBLL01$h1756
=CAT  \\$aIPL-CLA$c20110930$lBLL01$h1506
=CAT  \\$aBATCH-CLA$b00$c20111130$lBLL01$h1208
=CAT  \\$aIPL-CLA$c20111230$lBLL01$h1701
=CAT  \\$aBATCH-CLA$b00$c20120229$lBLL01$h1625
=CAT  \\$aIPL-CLA$c20120330$lBLL01$h1352
=CAT  \\$aBATCH-CLA$b00$c20120531$lBLL01$h1657
=CAT  \\$aIPL-CLA$c20120629$lBLL01$h0948
=CAT  \\$aBATCH-CLA$b00$c20120831$lBLL01$h1525
=CAT  \\$aIPL-CLA$c20120930$lBLL01$h2000
=CAT  \\$aBATCH-CLA$b00$c20121103$lBLL01$h1025
=CAT  \\$aBATCH-CLA$b00$c20131129$lBLL01$h1648
=CAT  \\$aIPL-CLA$c20131231$lBLL01$h1846
=CAT  \\$aWR14_140$c20140905$lBLL01$h1717
=CAT  \\$aBATCH-CLA$b00$c20161130$lBLL01$h1639
=CAT  \\$aIPL-CLA$c20161230$lBLL01$h1805
=CAT  \\$aBATCH-CLA$b00$c20171130$lBLL01$h1701
=CAT  \\$aIPL-CLA$c20171231$lBLL01$h1342
=CAT  \\$a11315$b40$c20190207$lBLL01$h1201
=CAT  \\$aBATCH-CLA$b00$c20191129$lBLL01$h1627
=CAT  \\$aIPL-CLA$c20191231$lBLL01$h1715
=CAT  \\$aBATCH-CLA$b00$c20201126$lBLL01$h1414
=CAT  \\$aIPL-CLA$c20201231$lBLL01$h1910
=CAT  \\$aBATCH-CLA$b00$c20221130$lBLL01$h1440
=CAT  \\$aIPL-CLA$c20221231$lBLL01$h1826
=CAT  \\$aBATCH-CLA$b00$c20230209$lBLL01$h1527
=CAT  \\$aIPL-CLA$c20230210$lBLL01$h0042
=CFI  0\$aCurrent Copyright Fee: GBP25.00$c0$e09-feb-2023$fGBP25.00$g0$hC$5Uk
=CFI  2\$aBritish Library not licensed to copy$c0$e01-jan-2023$hC$iCFP Excluded$5Uk
=FIN  \\$aY
=FMT  \\$a  SE
=LAS  \\$aIPL-CLA$b00$c20230210$lBLL01$h0042
=LEO  \\$aMP22.0000053380
=LEO  \\$aMP5.0000832249
=LEO  \\$aMP13.0000335437
=SRC  \\$aISN01$bbibmp22.200404.2.aa
=SRC  \\$aDSS04$bbibld.200404.2.aa
=SRC  \\$aBNB03$bbibmp5.200404.2.ab
=SRC  \\$aHSS01$bbibmp13.200404.2.aa
=TCO  \\$aCLA$bCLA$c008

