=LDR  02225 as a2200661 i 4500
=001  007243675
=003  Uk
=005  20060220104425.0
=006  aac\\|||||||||||||
=007  ta
=008  960122c19949999ts\zr|p\\\\\\\0\\\a0eng\\
=015  \\$aGB9607257$2bnb
=019  y\$ab9607257
=019  9\$ab9607257
=019  1\$ab9607257
=022  0\$a1360-9521$z1362-0606
=039  0\$a2376
=040  \\$aUk$cUk$dUk
=082  04$a798.4009536$220
=210  0\$aRaceWeek$b(Ramsey)
=222  \0$aRaceWeek$b(Ramsey)
=245  00$aRaceWeek :$binternational racing in the Gulf.
=246  3\$aRace week
=260  \\$aRamsey (29 Kissack Court, Ramsey, Isle of Man) :$bPegasus Publishing,$c1994-
=260  3\$aDubai :$bGray Business Communications
=300  \\$av. :$bcol.ill., col.ports. ;$c30 cm.
=310  \\$aThirty-three issues yearly
=336  \\$atext$2rdacontent
=337  \\$aunmediated$2rdamedia
=338  \\$avolume$2rdacarrier
=362  0\$aNo.1 ([Oct. 30 1994])-
=500  \\$aDescription based on: No.27 (Aug. 1995)
=500  \\$aLatest issue consulted: Vol. 12, no. 9 (Dec. 2005)
=650  \0$aHorse racing$zPersian Gulf$vPeriodicals.
=653  1\$aRacehorses$aRacing
=653  1\$aArabian Peninsula
=852  41$aBritish Library$bHMNTS$jZK.9.b.9146$3Issue 27 (1995:Aug.)-Vol.12, No.9 (2005:Dec.)
=985  \\$aResponsibility for ISSN transferred to the International Centre from ISSN UK Centre 19.01.06
=CAT  \\$aCONV$b00$c20040425$lBLL90$h0726
=CAT  \\$aCONV$b00$c20040502$lBLL01$h1213
=CAT  \\$a11316$b40$c20051228$lBLL01$h1446
=CAT  \\$a11316$b40$c20060112$lBLL01$h1441
=CAT  \\$a6537$b40$c20060220$lBLL01$h1041
=CAT  \\$a6537$b40$c20060220$lBLL01$h1044
=CAT  \\$aglobal_upd$b40$c20060417$lBLL01$h1549
=CAT  \\$aWR09-126
=CAT  \\$aBATCH-UPD$b40$c20090904$lBLL01$h1708
=CAT  \\$aWR14_140$c20140905$lBLL01$h1718
=FIN  \\$aY
=FMT  \\$a  SE
=LAS  \\$aWR14_140$b00$c20140905$lBLL01$h1718
=LEO  \\$aMP22.0000048528
=LEO  \\$aMP5.0000832966
=LEO  \\$aMP13.0000335937
=SRC  \\$aISN01$bbibmp22.200404.2.aa
=SRC  \\$aBNB03$bbibmp5.200404.2.ab
=SRC  \\$aHSS01$bbibmp13.200404.2.aa
=TCO  \\$aXXX$c008

