=LDR  02272 as a2200625ua 4500
=001  007244535
=003  Uk
=005  20161108094701.0
=007  ta
=008  960416d19931996enkuu\\\\\\\\\0\\\a0eng\\
=015  \\$aGB9629061$2bnb
=019  y\$ab9629061
=019  9\$ab9629061
=019  1\$ab9629061
=022  0\$a1362-4628
=039  0\$a2385
=040  \\$aUk$cUk$dUk
=082  04$a378.009171241$220
=210  0\$aWho's who vice-chancell. pres. rectors Commonw. univ.
=222  \0$aWho's who of vice-chancellors, presidents and rectors of Commonwealth universities
=245  00$aWho's who of vice-chancellors, presidents and rectors of Commonwealth universities ..
=260  \\$aLondon :$bAssociation of Commonwealth Universities,$c1993-1996.
=300  \\$av. ;$c30 cm.
=336  \\$atext$2rdacontent
=337  \\$aunmediated$2rdamedia
=338  \\$avolume$2rdacarrier
=362  0\$a1993-
=650  \0$aCollege administrators$zCommonwealth Countries$xBiography$vPeriodicals.
=653  1\$aCommonwealth countries$aUniversities
=710  2\$aAssociation of Commonwealth Universities.
=780  00$tWho's who of Commonwealth university vice-chancellors, presidents and rectors
=785  00$tWho's who of executive heads$x1463-4198
=852  41$aBritish Library$bHMNTS$jZC.9.b.6290$3Holdings: 1996. - Previous eds. are catalogued separately
=985  \\$aResponsibility for ISSN transferred to IC from ISSN UK, 12.04.07
=CAT  \\$aCONV$b00$c20040425$lBLL90$h0726
=CAT  \\$aCONV$b00$c20040502$lBLL01$h1213
=CAT  \\$aglobal_upd$b40$c20060417$lBLL01$h1550
=CAT  \\$a6537$b40$c20070412$lBLL01$h1020
=CAT  \\$a6537$b40$c20070412$lBLL01$h1022
=CAT  \\$aWR09-126
=CAT  \\$aBATCH-UPD$b40$c20090904$lBLL01$h1708
=CAT  \\$aBATCH$b00$c20091118$lBLL01$h2256
=CAT  \\$aWR14_140$c20140905$lBLL01$h1718
=CAT  \\$a8874$b40$c20161108$lBLL01$h0947
=FIN  \\$aY
=FMT  \\$a  SE
=LAS  \\$a8874$b40$c20161108$lBLL01$h0947
=LEO  \\$aMP5.0000834336
=LEO  \\$aMP13.0000336842
=LEO  \\$aMP22.0000049699
=SRC  \\$aDSS04$bbibld.200404.2.aa
=SRC  \\$aBNB03$bbibmp5.200404.2.ab
=SRC  \\$aHSS01$bbibmp13.200404.2.aa
=SRC  \\$aISN01$bbibmp22.200404.2.aa
=TCO  \\$aCLA$bCLA$c008

