=LDR  05585cas a2201261 a 4500
=001  007244584
=003  Uk
=005  20230930080119.0
=007  ta
=008  960515c19969999enkqr\p\\\\\\\0\\\a0eng\\
=015  \\$aGB9630074$2bnb
=019  y\$ab9630074
=019  9\$ab9630074
=019  c\$a2520675
=019  1\$ab9630074
=022  0\$a1360-0818
=039  0\$a2385
=040  \\$aUk$beng$cUk$dUk
=042  \\$aukblsr
=082  04$a338.9$220
=210  0\$aOxf. dev. stud.
=222  \0$aOxford development studies
=245  00$aOxford development studies.
=260  \\$aAbingdon :$bCarfax,$c1996-
=264  31$aAbingdon :$bRoutledge Journals, an imprint of Taylor & Francis, an Informa Business
=300  \\$av. ;$c25 cm.
=310  \\$aQuarterly
=336  \\$atext$2rdacontent
=337  \\$aunmediated$2rdamedia
=338  \\$avolume$2rdacarrier
=362  0\$aVol. 24, no. 1 (Feb. 1996)-
=540  \\$aCurrent copyright fee: GBP37.00$c2\0$5Uk
=588  \\$aLatest issue consulted: volume 42, number 1 (March 2014).
=595  \\$aFORMERLY 6320.593 UP TO VOL. 23, 1995 SEE ALSO CARD INDEX.
=651  \0$aDeveloping countries$vPeriodicals.
=690  7\$aManagement and Business Studies$2blcoll
=776  0\$tOxford development studies (Online)$x1469-9966
=780  00$tOxford agrarian studies$x0264-5491
=852  41$aBritish Library$bHMNTS$jZC.9.a.4597$3Vol. 24, no. 1 (Feb. 1996)-v. 43, no. 4 (Dec. 2015)***title now taken as electronic copy only
=852  41$aBritish Library$bDSC$j6320.696300$3Vol. 24, no. 1 (1996)-v. 39, no. 3 (2011)***UKRR Retained Title
=856  \\$31850-9999$uhttp://www.tandfonline.com/$xBLDSS
=945  \\$aOXFORD DEVELOPMENT STUDIES.
=959  \\$fHeld but not currently received
=963  \\$aVOL. 24, 1996- *A=1$bY$cP221.C.6
=985  \\$aISSN responsibility taken by US ISSN Center (multinational publisher agreement), April 9 2014.
=A02  \\$a2520675
=ACF  \\$aPrevious copyright fee: GBP17.00$c1\0$e01-jan-2010$fGBP17.00$g0$hP$5Uk
=ACF  \\$aPrevious copyright fee: GBP16.00$c1\0$e01-jan-2009$fGBP16.00$g0$hP$5Uk
=ACF  \\$aPrevious copyright fee: GBP15.00$c1\0$e01-apr-2008$fGBP15.00$g0$hP$5Uk
=ACF  \\$aPrevious copyright fee: GBP16.00$c1\0$e01-jan-2007$fGBP16.00$g0$hP$5Uk
=ACF  \\$aPrevious copyright fee: GBP13.00$c1\0$e01-jan-2005$fGBP13.00$g0$hP$5Uk
=ACF  \\$aPrevious copyright fee: GBP11.00$c1\0$e01-jan-2004$fGBP11.00$g0$hP$5Uk
=ACF  \\$aCurrent copyright fee: GBP10.00$c1\0$e01-apr-2002$fGBP10.00$g0$hP$5Uk
=ACF  \\$aCurrent copyright fee: GBP9.00$c1\0$e01-jan-2000$fGBP9.00$g0$hP$5Uk
=ACF  \\$aPrevious copyright fee: GBP21.00$c1\0$e01-jan-2011$fGBP21.00$g0$hP$5Uk
=ACF  \\$aPrevious copyright fee: GBP23.00$c1\0$e01-jan-2012$fGBP23.00$g0$hP$5Uk
=ACF  \\$aPrevious copyright fee: GBP23.50$c1\0$e01-jan-2013$fGBP23.50$g0$hP$5Uk
=ACF  \\$aPrevious copyright fee: GBP24.00$c1\0$e01-jan-2014$fGBP24.00$g0$hP$5Uk
=ACF  \\$aPrevious copyright fee: GBP25.00$c1\0$e01-jan-2015$fGBP25.00$g0$hP$5Uk
=ACF  \\$aPrevious copyright fee: GBP26.00$c1\0$e01-jan-2016$fGBP26.00$g0$hP$5Uk
=ACF  \\$aPrevious copyright fee: GBP28.00$c1\0$e01-jan-2017$fGBP28.00$g0$hP$5Uk
=ACF  \\$aPrevious copyright fee: GBP30.00$c1\0$e01-jan-2018$fGBP30.00$g0$hP$5Uk
=ACF  \\$aPrevious copyright fee: GBP32.00$c1\0$e01-jan-2019$fGBP32.00$g0$hP$5Uk
=ACF  \\$aPrevious copyright fee: GBP34.00$c1\0$e01-jan-2020$fGBP34.00$g0$hP$5Uk
=ACF  \\$aPrevious copyright fee: GBP35.00$c1\0$e01-jan-2021$fGBP35.00$g0$hP$5Uk
=CAT  \\$aWR09-126
=CAT  \\$aBATCH-CLA$c20140225$lBLL01$h2313
=CAT  \\$a11205$b40$c20140328$lBLL01$h1632
=CAT  \\$a11313$b40$c20140409$lBLL01$h0726
=CAT  \\$aWR14_140$c20140905$lBLL01$h1718
=CAT  \\$aBATCH-UPD$b00$c20141124$lBLL01$h1740
=CAT  \\$aBLDSS-3PM$b00$c20141130$lBLL01$h1244
=CAT  \\$aIPL-CLA$c20141231$lBLL01$h1641
=CAT  \\$aBATCH-UPD$b00$c20151119$lBLL01$h1519
=CAT  \\$aIPL-CLA$c20151231$lBLL01$h1905
=CAT  \\$aBATCH-UPD$b00$c20160413$lBLL01$h1801
=CAT  \\$aBATCH-UPD$b00$c20160620$lBLL01$h1459
=CAT  \\$aBATCH-UPD$b00$c20161122$lBLL01$h1442
=CAT  \\$aIPL-CLA$c20161230$lBLL01$h1806
=CAT  \\$aBATCH-UPD$b00$c20171121$lBLL01$h1622
=CAT  \\$aIPL-CLA$c20171231$lBLL01$h1342
=CAT  \\$aBATCH-UPD$b00$c20181217$lBLL01$h1628
=CAT  \\$aIPL-CLA$c20181231$lBLL01$h1532
=CAT  \\$aBATCH-UPD$b00$c20191122$lBLL01$h1841
=CAT  \\$aIPL-CLA$c20191231$lBLL01$h1716
=CAT  \\$aBATCH-UPD$b00$c20201118$lBLL01$h1323
=CAT  \\$aIPL-CLA$c20201231$lBLL01$h1518
=CAT  \\$aBATCH-UPD$b00$c20221121$lBLL01$h1318
=CAT  \\$aIPL-CLA$c20221231$lBLL01$h1432
=CAT  \\$aR2308-1440$c20230824$lBLL01$h0925
=CAT  \\$aIPL-CLA$c20230930$lBLL01$h0801
=CFI  0\$aCurrent copyright fee: GBP37.00$c2\0$e01-oct-2023$fGBP37.00$g0$hP$5Uk
=CFI  2\$aPrevious copyright fee: GBP37.00$c1\0$e01-jan-2023$fGBP37.00$g0$hP$5Uk
=FFP  \\$aY$bBLDSS-3PM
=FIN  \\$aY
=FMT  \\$a  SE
=LAS  \\$aIPL-CLA$b00$c20230930$lBLL01$h0801
=LEO  \\$aMP5.0000834420
=LEO  \\$aMP10.0000427178
=LEO  \\$aMP13.0000336895
=LEO  \\$aMP22.0000047895
=LKR  \\$aPAR$b013357601$lBLL01$nOxford development studies (Online)$mOxford development studies$r776
=SRC  \\$aBNB03$bbibmp5.200404.2.ab
=SRC  \\$aDSS01$bbibmp10.200404.2.aa
=SRC  \\$aHSS01$bbibmp13.200404.2.aa
=SRC  \\$aISN01$bbibmp22.200404.2.aa
=TCO  \\$aCLA$bCLA$c008
=TOC  \\$aETOC

