=LDR  05774cas a2201273 a 4500
=001  007244718
=003  Uk
=005  20221231143257.0
=007  ta
=008  960515c19969999enkbr\p\\\\\\\0\\\a0eng\\
=015  \\$aGB9634303$2bnb
=019  c\$a2511472
=019  y\$ab9634303
=019  9\$ab9634303
=019  1\$ab9634303
=022  0\$a1357-650X
=039  0\$a2388
=040  \\$aUk$cUk$dUk
=082  04$a616.8$220
=210  0\$aLaterality$b(Hove, Print)
=222  \0$aLaterality$b(Hove. Print)
=245  00$aLaterality.
=260  \\$aHove :$bPsychology Press,$c1996-
=264  31$32014-$aAbingdon :$bTaylor & Francis
=300  \\$av. :$bill. ;$c23 cm.
=310  \\$aBimonthly,$b2005-
=321  \\$aQuarterly,$b-2004
=336  \\$atext$2rdacontent
=337  \\$aunmediated$2rdamedia
=338  \\$avolume$2rdacarrier
=362  0\$aVol. 1, issue 1 (Mar. 1996)-
=540  \\$aCurrent copyright fee: GBP37.00$c2\0$5Uk
=588  \\$aLatest issue consulted: volume 19, issues 4-6 (July/November 2014).
=650  \0$aLaterality$vPeriodicals.
=776  08$iAlso issued online as:$tLaterality (Hove. Online)$x1464-0678
=852  41$aBritish Library$bDSC$j5157.679000$3Vol. 1, no. 1 (1996)-v. 13, no. 6 (2008)***UKRR Retained Title
=852  41$aBritish Library$bHMNTS$jZC.9.a.4475$3Vol. 1, issue 1 (Mar. 1996)-v. 20, issue 4/6 (Jul./Nov. 2015)***title now taken as electronic copy only
=856  \\$31850-9999$uhttp://www.tandfonline.com/$xBLDSS
=945  \\$aLATERALITY -HOVE-.
=959  \\$fHeld but not currently received
=963  \\$aVOL. 1, 1996- *A=1$bN$cL196.C.340
=985  \\$aRecord merged by DQ team
=985  \\$aISSN note: responsibility for ISSN transferred from UK to US under miltunational publisher agreement, 28.10.14.
=ACF  \\$aPrevious copyright fee: GBP17.00$c2\0$e01-jan-2010$fGBP17.00$g0$hP$5Uk
=ACF  \\$aPrevious copyright fee: GBP16.00$c2\0$e01-jan-2009$fGBP16.00$g0$hP$5Uk
=ACF  \\$aPrevious copyright fee: GBP15.00$c2\0$e01-apr-2008$fGBP15.00$g0$hP$5Uk
=ACF  \\$aPrevious copyright fee: GBP16.00$c2\0$e01-jan-2007$fGBP16.00$g0$hP$5Uk
=ACF  \\$aPrevious Copyright Fee: GBP13.00$c2\0$e15-aug-2006$fGBP13.00$g0$hP$5Uk
=ACF  \\$aPrevious Copyright Fee: GBP18.00$c0$e01-jul-2006$fGBP18.00$g0$hC$5Uk
=ACF  \\$aPrevious Copyright Fee: GBP18.00$c0$e01-apr-2006$fGBP18.00$g0$hC$5Uk
=ACF  \\$aPrevious Copyright Fee: GBP18.00$c0$e01-jan-2006$fGBP18.00$g0$hC$5Uk
=ACF  \\$aPrevious Copyright Fee: GBP18.00$c0$e01-oct-2005$fGBP18.00$g0$hC$5Uk
=ACF  \\$aPrevious Copyright Fee: GBP18.00$c0$e01-jul-2005$fGBP18.00$g0$hC$5Uk
=ACF  \\$aPrevious Copyright Fee: GBP18.00$c0$e01-apr-2005$fGBP18.00$g0$hC$5Uk
=ACF  \\$aPrevious Copyright Fee: GBP18.00$c0$e01-jan-2005$fGBP18.00$g0$hC$5Uk
=ACF  \\$aPrevious Copyright Fee: GBP15.00$c0$e01-oct-2004$fGBP15.00$g0$hC$5Uk
=ACF  \\$aPrevious copyright fee: GBP21.00$c2\0$e01-jan-2011$fGBP21.00$g0$hP$5Uk
=ACF  \\$aPrevious copyright fee: GBP23.00$c2\0$e01-jan-2012$fGBP23.00$g0$hP$5Uk
=ACF  \\$aPrevious copyright fee: GBP23.50$c2\0$e01-jan-2013$fGBP23.50$g0$hP$5Uk
=ACF  \\$aPrevious copyright fee: GBP24.00$c2\0$e01-jan-2014$fGBP24.00$g0$hP$5Uk
=ACF  \\$aPrevious copyright fee: GBP25.00$c2\0$e01-jan-2015$fGBP25.00$g0$hP$5Uk
=ACF  \\$aPrevious copyright fee: GBP26.00$c2\0$e01-jan-2016$fGBP26.00$g0$hP$5Uk
=ACF  \\$aPrevious copyright fee: GBP28.00$c2\0$e01-jan-2017$fGBP28.00$g0$hP$5Uk
=ACF  \\$aPrevious copyright fee: GBP30.00$c2\0$e01-jan-2018$fGBP30.00$g0$hP$5Uk
=ACF  \\$aPrevious copyright fee: GBP32.00$c2\0$e01-jan-2019$fGBP32.00$g0$hP$5Uk
=ACF  \\$aPrevious copyright fee: GBP34.00$c2\0$e01-jan-2020$fGBP34.00$g0$hP$5Uk
=CAT  \\$aCONV$b00$c20040425$lBLL90$h0726
=CAT  \\$aBATCH-CLA$c20140225$lBLL01$h2313
=CAT  \\$aWR14_140$c20140905$lBLL01$h1718
=CAT  \\$a11315$b40$c20141021$lBLL01$h1404
=CAT  \\$a11315$b40$c20141028$lBLL01$h0957
=CAT  \\$aBATCH-UPD$b40$c20141124$lBLL01$h1759
=CAT  \\$aBLDSS-3PM$b00$c20141130$lBLL01$h1244
=CAT  \\$aIPL-CLA$c20141231$lBLL01$h1641
=CAT  \\$aBATCH-UPD$b00$c20151119$lBLL01$h1540
=CAT  \\$aIPL-CLA$c20151231$lBLL01$h1905
=CAT  \\$a11315$b40$c20160216$lBLL01$h1405
=CAT  \\$a11315$b40$c20160216$lBLL01$h1413
=CAT  \\$aBATCH-UPD$b40$c20160413$lBLL01$h1801
=CAT  \\$aBATCH-UPD$b40$c20160620$lBLL01$h1507
=CAT  \\$aBATCH-UPD$b40$c20161122$lBLL01$h1510
=CAT  \\$aIPL-CLA$c20161230$lBLL01$h1806
=CAT  \\$aBATCH-UPD$b00$c20171121$lBLL01$h1644
=CAT  \\$aIPL-CLA$c20171231$lBLL01$h1342
=CAT  \\$aBATCH-UPD$b00$c20181217$lBLL01$h1636
=CAT  \\$aIPL-CLA$c20181231$lBLL01$h1532
=CAT  \\$aBATCH-UPD$b00$c20191122$lBLL01$h1858
=CAT  \\$aIPL-CLA$c20191231$lBLL01$h1716
=CAT  \\$aBATCH-UPD$b00$c20201118$lBLL01$h1331
=CAT  \\$aIPL-CLA$c20201231$lBLL01$h1518
=CAT  \\$aBATCH-UPD$b00$c20221121$lBLL01$h1344
=CAT  \\$aIPL-CLA$c20221231$lBLL01$h1432
=CFI  0\$aCurrent copyright fee: GBP37.00$c2\0$e01-jan-2023$fGBP37.00$g0$hP$5Uk
=CFI  2\$aPrevious copyright fee: GBP35.00$c2\0$e01-jan-2021$fGBP35.00$g0$hP$5Uk
=FFP  \\$aY$bBLDSS-3PM
=FIN  \\$aY
=FMT  \\$a  SE
=LAS  \\$aIPL-CLA$b00$c20221231$lBLL01$h1432
=LEO  \\$aMP10.0000339645
=LEO  \\$aMP5.0000834664
=LEO  \\$aMP13.0000337034
=LEO  \\$aMP22.0000046125
=LKR  \\$aPAR$b013357680$lBLL01$r776$mLaterality (Hove. Print)$nLaterality (Hove. Online)
=SRC  \\$aDSS01$bbibmp10.200404.2.aa
=SRC  \\$aBNB03$bbibmp5.200404.2.ab
=SRC  \\$aHSS01$bbibmp13.200404.2.aa
=SRC  \\$aISN01$bbibmp22.200404.2.aa
=TCO  \\$aCLA$bCLA$c008
=TOC  \\$aETOC

