=LDR  06377cas a2201345 a 4500
=001  007244800
=003  Uk
=005  20221231143257.0
=007  ta
=008  960813c19969999enkbr\p\\\\\\\0\\\a0eng\\
=015  \\$aGB9636626$2bnb
=019  y\$ab9636626
=019  9\$ab9636626
=019  c\$a2536211
=019  1\$ab9636626
=022  0\$a1359-432X
=039  0\$a2389
=040  \\$aUk$beng$cUk$dUk
=042  \\$aukblsr
=082  04$a158.7$220
=210  0\$aEur. j. work organ. psychol.$b(Print)
=222  \0$aEuropean journal of work and organizational psychology$b(Print)
=245  00$aEuropean journal of work and organizational psychology.
=246  13$aEuropean journal of work & organizational psychology
=260  \\$aHove :$bPsychology Press,$c1996-
=264  31$aAbingdon, Oxon, UK :$bRoutledge, Taylor & Francis Group
=300  \\$av. :$bill. ;$c25-28 cm.
=310  \\$aBimonthly,$b2010-
=321  \\$aQuarterly,$b-2009
=336  \\$atext$2rdacontent
=337  \\$aunmediated$2rdamedia
=338  \\$avolume$2rdacarrier
=362  0\$aVol. 5, no. 1 (Mar. 1996)-
=540  \\$aCurrent copyright fee: GBP37.00$c2\0$5Uk
=550  \\$aAt foot of cover: "The official journal of the European Association of Work and Organizational Psychology, published by Psychology Press in association with the International Association of Applied Psychology."
=588  \\$aLatest issue consulted: volume 23, issue 1 (February 2014).
=595  \\$aFORMERLY 3830.37085 UP TO VOL. 4, 1994 SEE ALSO 3830.37085 FOR SRIS HOLDINGS.
=650  \0$aPsychology, Industrial$vPeriodicals.
=650  \0$aOrganizational behavior$vPeriodicals.
=650  \0$aPersonnel management$zEurope$vPeriodicals.
=650  \0$aWork$xPsychological aspects$vPeriodicals.
=690  7\$aManagement and Business Studies$2blcoll
=710  2\$aEuropean Association of Work and Organizational Psychology.
=710  2\$aInternational Association of Applied Psychology.
=776  08$iAlso issued online as:$tEuropean journal of work and organizational psychology (Online)$x1464-0643
=780  00$tEuropean work and organizational psychologist$x0960-2003
=852  41$aBritish Library$bHMNTS$jZK.9.a.2309$3Vol. 5, no. 1 (Mar. 1996)-v. 24, no. 6 (2015)***title now taken as electronic copy only
=852  41$aBritish Library$bDSC$j3829.747370$3Vol. 5, no. 1 (1996)-v. 18, no. 4 (2009)***UKRR Retained Title***Stock Incomplete
=856  \\$31850-9999$uhttp://www.tandfonline.com/$xBLDSS
=945  \\$aEUROPEAN JOURNAL OF WORK AND ORGANIZATIONAL PSYCHOLOGY
=959  \\$fHeld but not currently received
=963  \\$aVOL. 5, 1996- *A=1$bN$cL196.C.313
=985  \\$aISSN note: responsibility for ISSN transferred from ISSN UK Centre to US ISSN Center under multinational publisher agreement. 13.03.14.
=A02  \\$a2536211
=ACF  \\$aPrevious copyright fee: GBP17.00$c2\0$e01-jan-2010$fGBP17.00$g0$hP$5Uk
=ACF  \\$aPrevious copyright fee: GBP16.00$c2\0$e01-jan-2009$fGBP16.00$g0$hP$5Uk
=ACF  \\$aPrevious copyright fee: GBP15.00$c2\0$e01-apr-2008$fGBP15.00$g0$hP$5Uk
=ACF  \\$aPrevious copyright fee: GBP16.00$c2\0$e01-jan-2007$fGBP16.00$g0$hP$5Uk
=ACF  \\$aPrevious copyright fee: GBP13.00$c2\0$e01-jan-2005$fGBP13.00$g0$hP$5Uk
=ACF  \\$aPrevious copyright fee: GBP11.00$c2\0$e01-jan-2004$fGBP11.00$g0$hP$5Uk
=ACF  \\$aCurrent copyright fee: GBP10.00$c2\0$e01-apr-2002$fGBP10.00$g0$hP$5Uk
=ACF  \\$aCurrent copyright fee: GBP9.00$c2\0$e01-jan-2000$fGBP9.00$g0$hP$5Uk
=ACF  \\$aPrevious copyright fee: GBP21.00$c2\0$e01-jan-2011$fGBP21.00$g0$hP$5Uk
=ACF  \\$aPrevious copyright fee: GBP23.00$c2\0$e01-jan-2012$fGBP23.00$g0$hP$5Uk
=ACF  \\$aPrevious copyright fee: GBP23.50$c2\0$e01-jan-2013$fGBP23.50$g0$hP$5Uk
=ACF  \\$aPrevious copyright fee: GBP24.00$c2\0$e01-jan-2014$fGBP24.00$g0$hP$5Uk
=ACF  \\$aPrevious copyright fee: GBP25.00$c2\0$e01-jan-2015$fGBP25.00$g0$hP$5Uk
=ACF  \\$aPrevious copyright fee: GBP26.00$c2\0$e01-jan-2016$fGBP26.00$g0$hP$5Uk
=ACF  \\$aPrevious copyright fee: GBP28.00$c2\0$e01-jan-2017$fGBP28.00$g0$hP$5Uk
=ACF  \\$aPrevious copyright fee: GBP30.00$c2\0$e01-jan-2018$fGBP30.00$g0$hP$5Uk
=ACF  \\$aPrevious copyright fee: GBP32.00$c2\0$e01-jan-2019$fGBP32.00$g0$hP$5Uk
=ACF  \\$aPrevious copyright fee: GBP34.00$c2\0$e01-jan-2020$fGBP34.00$g0$hP$5Uk
=CAT  \\$aWR09-126
=CAT  \\$aBATCH-CLA$b00$c20140125$lBLL01$h1318
=CAT  \\$a8323$b40$c20140127$lBLL01$h0900
=CAT  \\$aBATCH-CLA$c20140225$lBLL01$h2313
=CAT  \\$a11315$b40$c20140313$lBLL01$h0848
=CAT  \\$aBATCH-UPD$b40$c20141124$lBLL01$h1759
=CAT  \\$aBLDSS-3PM$b00$c20141130$lBLL01$h1244
=CAT  \\$aIPL-CLA$c20141231$lBLL01$h1641
=CAT  \\$aBATCH-UPD$b00$c20151119$lBLL01$h1540
=CAT  \\$aIPL-CLA$c20151231$lBLL01$h1905
=CAT  \\$a11205$b40$c20160311$lBLL01$h1352
=CAT  \\$a11205$b40$c20160311$lBLL01$h1357
=CAT  \\$aBATCH-UPD$b40$c20160413$lBLL01$h1801
=CAT  \\$aBATCH-UPD$b40$c20160714$lBLL01$h1157
=CAT  \\$aBATCH-UPD$b40$c20161122$lBLL01$h1510
=CAT  \\$aIPL-CLA$c20161230$lBLL01$h1806
=CAT  \\$aBATCH-UPD$b00$c20171121$lBLL01$h1644
=CAT  \\$aIPL-CLA$c20171231$lBLL01$h1342
=CAT  \\$aBATCH-UPD$b00$c20181217$lBLL01$h1636
=CAT  \\$aIPL-CLA$c20181231$lBLL01$h1532
=CAT  \\$aBATCH-UPD$b00$c20191122$lBLL01$h1858
=CAT  \\$aIPL-CLA$c20191231$lBLL01$h1716
=CAT  \\$aBATCH-UPD$b00$c20201118$lBLL01$h1331
=CAT  \\$aIPL-CLA$c20201231$lBLL01$h1518
=CAT  \\$aBATCH-UPD$b00$c20221121$lBLL01$h1344
=CAT  \\$aIPL-CLA$c20221231$lBLL01$h1432
=CFI  0\$aCurrent copyright fee: GBP37.00$c2\0$e01-jan-2023$fGBP37.00$g0$hP$5Uk
=CFI  2\$aPrevious copyright fee: GBP35.00$c2\0$e01-jan-2021$fGBP35.00$g0$hP$5Uk
=FFP  \\$aY$bBLDSS-3PM
=FIN  \\$aY
=FMT  \\$a  SE
=LAS  \\$aIPL-CLA$b00$c20221231$lBLL01$h1432
=LEO  \\$aMP5.0000834798
=LEO  \\$aMP10.0000219355
=LEO  \\$aMP13.0000337117
=LEO  \\$aMP22.0000047421
=LET  \0$aEuropean journal of work and organizational psychology (Print)
=SRC  \\$aBNB03$bbibmp5.200404.2.ab
=SRC  \\$aDSS01$bbibmp10.200404.2.aa
=SRC  \\$aHSS01$bbibmp13.200404.2.aa
=SRC  \\$aISN01$bbibmp22.200404.2.aa
=TCO  \\$aCLA$bCLA$c008
=TOC  \\$aETOC

