=LDR  03979cas a2201021ua 4500
=001  007245278
=003  Uk
=005  20221231182705.0
=006  aa\\\|||||||||||||
=007  ta
=008  960813c19969999enker\\\\\\\\\0\\\a0eng\\
=015  \\$aGB9646730$2bnb
=019  y\$ab9646730
=019  9\$ab9646730
=019  1\$ab9646730
=019  c\$a2550052
=022  0\$a1363-4798
=039  0\$a2395
=040  \\$aUk$cUk
=082  04$a320.512$220
=210  0\$aTanstaafl times
=222  \0$aTanstaafl times
=245  00$aTanstaafl times.
=260  \\$aLondon (25 Chapter Chambers, Esterbrooke St., London. SW1P 4NN) :$bA. Clarke in association with Libertarian Alliance,$c1996-
=300  \\$av. :$bill. ;$c30cm.
=310  \\$aIssued twice a month
=336  \\$atext$2rdacontent
=337  \\$aunmediated$2rdamedia
=338  \\$avolume$2rdacarrier
=362  0\$aNo.1 (Thurs. 28th Mar. 1996)-
=540  \\$aCurrent Copyright Fee: GBP25.00$c0$5Uk
=595  \\$aSEE CARD INDEX.
=650  \0$aLibertarianism$xPeriodicals.
=653  1\$aLibertarianism
=710  2\$aLibertarian Alliance.
=852  41$aBritish Library$bHMNTS$jZK.9.b.9582$3No.1 (Thurs. 28th Mar. 1996)-
=945  \\$aTANSTAAFL TIMES.
=979  \\$aBritish Library$bDSC$j8602.665170N$xNot selected
=985  \\$aResponsibility for ISSN transferred to ISSN International Centre from ISSN UK Centre, 03/03/11.
=ACF  \\$aPrevious copyright fee: GBP9.00$c0$e01-apr-2010$fGBP9.00$g0$hA$5Uk
=ACF  \\$aPrevious copyright fee: GBP6.00$c0$e01-apr-2008$fGBP6.00$g0$hA$5Uk
=ACF  \\$aPrevious copyright fee: GBP5.00$c0$e01-oct-2002$fGBP5.00$g0$hA$5Uk
=ACF  \\$aPrevious copyright fee: GBP10.50$c0$e01-jan-2011$fGBP10.50$g0$hA$5Uk
=ACF  \\$aPrevious copyright fee: GBP12.00$c0$e01-jan-2012$fGBP12.00$g0$hA$5Uk
=ACF  \\$aPrevious Copyright Fee: GBP12.30$c0$e01-jan-2014$fGBP12.30$g0$hA$5Uk
=ACF  \\$aPrevious Copyright Fee: GBP15.00$c0$e01-jan-2017$fGBP15.00$g0$hA$5Uk
=ACF  \\$aPrevious Copyright Fee: GBP17.50$c0$e01-jan-2018$fGBP17.50$g0$hA$5Uk
=ACF  \\$aPrevious Copyright Fee: GBP20.00$c0$e01-jan-2020$fGBP20.00$g0$hA$5Uk
=CAT  \\$aCONV$b00$c20040425$lBLL90$h0726
=CAT  \\$aCONV$b00$c20040502$lBLL01$h1213
=CAT  \\$aglobal_upd$b40$c20060417$lBLL01$h1550
=CAT  \\$aWR09-126
=CAT  \\$aBATCH-UPD$b40$c20090904$lBLL01$h1708
=CAT  \\$aBATCH$b00$c20091118$lBLL01$h2256
=CAT  \\$a11315$b40$c20110303$lBLL01$h1536
=CAT  \\$aWR11_203$c20111204$lBLL01$h1256
=CAT  \\$aIPL-CLA$c20111230$lBLL01$h1701
=CAT  \\$aBATCH-CLA$b00$c20121103$lBLL01$h1025
=CAT  \\$aWR13.005$c20130323$lBLL01$h1314
=CAT  \\$aBATCH-CLA$c20131217$lBLL01$h0109
=CAT  \\$aIPL-CLA$c20131231$lBLL01$h1846
=CAT  \\$aWR14_140$c20140905$lBLL01$h1718
=CAT  \\$aBATCH-CLA$b00$c20161222$lBLL01$h1655
=CAT  \\$aIPL-CLA$c20161230$lBLL01$h1806
=CAT  \\$aBATCH-CLA$b00$c20171222$lBLL01$h1950
=CAT  \\$aIPL-CLA$c20171231$lBLL01$h1342
=CAT  \\$aBATCH-CLA$b00$c20191219$lBLL01$h1621
=CAT  \\$aIPL-CLA$c20191231$lBLL01$h1716
=CAT  \\$aR2001-1524$c20200127$lBLL01$h1923
=CAT  \\$aBATCH-CLA$b00$c20201204$lBLL01$h1415
=CAT  \\$aIPL-CLA$c20201231$lBLL01$h1910
=CAT  \\$aBATCH-CLA$b00$c20221221$lBLL01$h1719
=CAT  \\$aIPL-CLA$c20221231$lBLL01$h1827
=CFI  0\$aCurrent Copyright Fee: GBP25.00$c0$e01-jan-2023$fGBP25.00$g0$hA$5Uk
=CFI  2\$aPrevious Copyright Fee: GBP22.50$c0$e01-jan-2021$fGBP22.50$g0$hA$5Uk
=FIN  \\$aY
=FMT  \\$a  SE
=LAS  \\$aIPL-CLA$b00$c20221231$lBLL01$h1827
=LEO  \\$aMP10.0000565410
=LEO  \\$aMP5.0000835547
=LEO  \\$aMP13.0000337616
=LEO  \\$aMP22.0000050536
=SRC  \\$aDSS04$bbibld.200404.2.aa
=SRC  \\$aDSS01$bbibmp10.200404.2.aa
=SRC  \\$aBNB03$bbibmp5.200404.2.ab
=SRC  \\$aHSS01$bbibmp13.200404.2.aa
=SRC  \\$aISN01$bbibmp22.200404.2.aa
=TCO  \\$aCLA$bCLA$c008

