=LDR  05607cas a2201261 a 4500
=001  007245461
=003  Uk
=005  20221231143258.0
=007  ta
=008  960814c19969999enkqr\p\\\\\\\0\\\a0eng\\
=015  \\$aGB9651418$2bnb
=019  y\$ab9651418
=019  9\$ab9651418
=019  c\$a2534685
=019  1\$ab9651418
=022  0\$a1361-9462
=039  0\$a2396
=040  \\$aUk$beng$cUk$dUk
=042  \\$aukblsr
=082  04$a941.085$220
=210  0\$aContemp. Br. hist.
=222  \0$aContemporary British history
=245  00$aContemporary British history :$bthe journal of contemporary British history.
=260  \\$aLondon :$bFrank Cass,$c1996-
=264  31$aAbingdon :$bTaylor & Francis
=300  \\$av. ;$c22 cm.
=310  \\$aQuarterly
=336  \\$atext$2rdacontent
=337  \\$aunmediated$2rdamedia
=338  \\$avolume$2rdacarrier
=362  0\$aVol. 10, no. 1 (spring 1996)-
=540  \\$aCurrent copyright fee: GBP37.00$c2\0$5Uk
=588  \\$aLatest issue consulted: volume 27, number 3 (September 2013).
=595  \\$aFORMERLY 3425.278 UP TO VOL. 9, 1995 SEE ALSO 3425.278 H&SS HOLDINGS.
=651  \0$aGreat Britain$xHistory$yElizabeth II, 1952-$vPeriodicals.
=653  1\$aGreat Britain$aHistory, 1952-
=730  0\$aContemporary record,$x0950-9224.
=776  08$iAlso issued online as:$tContemporary British history (Online)$x1743-7997
=780  00$tContemporary record$x0950-9224
=852  41$aBritish Library$bDSC$j3425.175950$3Vol. 10, no. 1 (1996)-v. 25, no. 3 (2011)***UKRR Retained Title
=852  41$aBritish Library$bHMNTS$jZC.9.b.1275$3Vol.10, no.1 (spring 1996)-v. 29, no. 4 (2015)***title now taken as electronic copy only
=856  \\$31850-9999$uhttp://www.tandfonline.com/$xBLDSS
=945  \\$aCONTEMPORARY BRITISH HISTORY.
=959  \\$fHeld but not currently received
=963  \\$aVOL. 10, 1996- *A=1$bY$cP540.B.17
=985  \\$aISSN responsibility taken by US ISSN Center (multinational publisher), September 20 2013.
=A02  \\$a2534685
=ACF  \\$aPrevious copyright fee: GBP17.00$c2\0$e01-jan-2010$fGBP17.00$g0$hP$5Uk
=ACF  \\$aPrevious copyright fee: GBP16.00$c2\0$e01-jan-2009$fGBP16.00$g0$hP$5Uk
=ACF  \\$aPrevious copyright fee: GBP15.00$c2\0$e01-apr-2008$fGBP15.00$g0$hP$5Uk
=ACF  \\$aPrevious copyright fee: GBP16.00$c2\0$e01-jan-2007$fGBP16.00$g0$hP$5Uk
=ACF  \\$aPrevious copyright fee: GBP13.00$c2\0$e01-jan-2005$fGBP13.00$g0$hP$5Uk
=ACF  \\$aPrevious copyright fee: GBP11.00$c2\0$e01-jan-2004$fGBP11.00$g0$hP$5Uk
=ACF  \\$aCurrent copyright fee: GBP5.00$c0$e01-jul-1999$fGBP5.00$g0$hC$5Uk
=ACF  \\$aCurrent copyright fee: GBP0.74$c0$e01-jul-1998$fGBP0.74$g0$hC$5Uk
=ACF  \\$aPrevious copyright fee: GBP21.00$c2\0$e01-jan-2011$fGBP21.00$g0$hP$5Uk
=ACF  \\$aPrevious copyright fee: GBP23.00$c2\0$e01-jan-2012$fGBP23.00$g0$hP$5Uk
=ACF  \\$aPrevious copyright fee: GBP23.50$c2\0$e01-jan-2013$fGBP23.50$g0$hP$5Uk
=ACF  \\$aPrevious copyright fee: GBP24.00$c2\0$e01-jan-2014$fGBP24.00$g0$hP$5Uk
=ACF  \\$aPrevious copyright fee: GBP25.00$c2\0$e01-jan-2015$fGBP25.00$g0$hP$5Uk
=ACF  \\$aPrevious copyright fee: GBP26.00$c2\0$e01-jan-2016$fGBP26.00$g0$hP$5Uk
=ACF  \\$aPrevious copyright fee: GBP28.00$c2\0$e01-jan-2017$fGBP28.00$g0$hP$5Uk
=ACF  \\$aPrevious copyright fee: GBP30.00$c2\0$e01-jan-2018$fGBP30.00$g0$hP$5Uk
=ACF  \\$aPrevious copyright fee: GBP32.00$c2\0$e01-jan-2019$fGBP32.00$g0$hP$5Uk
=ACF  \\$aPrevious copyright fee: GBP34.00$c2\0$e01-jan-2020$fGBP34.00$g0$hP$5Uk
=CAT  \\$aWR09-126
=CAT  \\$aBATCH-UPD$b40$c20131119$lBLL01$h1957
=CAT  \\$aIPL-CLA$c20131231$lBLL01$h1846
=CAT  \\$aBATCH-CLA$b00$c20140125$lBLL01$h1318
=CAT  \\$aBATCH-CLA$c20140225$lBLL01$h2313
=CAT  \\$aWR14_140$c20140905$lBLL01$h1718
=CAT  \\$aBATCH-UPD$b00$c20141124$lBLL01$h1759
=CAT  \\$aBLDSS-3PM$b00$c20141130$lBLL01$h1244
=CAT  \\$aIPL-CLA$c20141231$lBLL01$h1641
=CAT  \\$aBATCH-UPD$b00$c20151119$lBLL01$h1540
=CAT  \\$aIPL-CLA$c20151231$lBLL01$h1905
=CAT  \\$a5997$b40$c20160316$lBLL01$h1355
=CAT  \\$aBATCH-UPD$b40$c20160413$lBLL01$h1801
=CAT  \\$aBATCH-UPD$b40$c20161122$lBLL01$h1058
=CAT  \\$aBATCH-UPD$b40$c20161122$lBLL01$h1510
=CAT  \\$aIPL-CLA$c20161230$lBLL01$h1806
=CAT  \\$aBATCH-UPD$b00$c20171121$lBLL01$h1644
=CAT  \\$aIPL-CLA$c20171231$lBLL01$h1342
=CAT  \\$aBATCH-UPD$b00$c20181217$lBLL01$h1636
=CAT  \\$aIPL-CLA$c20181231$lBLL01$h1532
=CAT  \\$aBATCH-UPD$b00$c20191122$lBLL01$h1858
=CAT  \\$aIPL-CLA$c20191231$lBLL01$h1716
=CAT  \\$aBATCH-UPD$b00$c20201118$lBLL01$h1331
=CAT  \\$aIPL-CLA$c20201231$lBLL01$h1518
=CAT  \\$aBATCH-UPD$b00$c20221121$lBLL01$h1344
=CAT  \\$aIPL-CLA$c20221231$lBLL01$h1432
=CFI  0\$aCurrent copyright fee: GBP37.00$c2\0$e01-jan-2023$fGBP37.00$g0$hP$5Uk
=CFI  2\$aPrevious copyright fee: GBP35.00$c2\0$e01-jan-2021$fGBP35.00$g0$hP$5Uk
=FFP  \\$aY$bBLDSS-3PM
=FIN  \\$aY
=FMT  \\$a  SE
=LAS  \\$aIPL-CLA$b00$c20221231$lBLL01$h1432
=LEO  \\$aMP5.0000835843
=LEO  \\$aMP10.0000165660
=LEO  \\$aMP13.0000337812
=LEO  \\$aMP22.0000049319
=LKR  \\$aPAR$b013352419$lBLL01$r776$mContemporary British history (Print)$nContemporary British history (Online)
=SRC  \\$aBNB03$bbibmp5.200404.2.ab
=SRC  \\$aDSS01$bbibmp10.200404.2.aa
=SRC  \\$aHSS01$bbibmp13.200404.2.aa
=SRC  \\$aISN01$bbibmp22.200404.2.aa
=TCO  \\$aCLA$bCLA$c008
=TOC  \\$aETOC

