=LDR  06300cas a2201381 a 4500
=001  007245713
=003  Uk
=005  20221231143258.0
=007  ta
=008  960814c19969999enkqr\p\\\\\\\0\\\a0eng\\
=015  \\$aGB9656861$2bnb
=019  y\$ab9656861
=019  9\$ab9656861
=019  c\$a2527767
=019  1\$ab9656861
=022  0\$a1363-2752
=039  0\$a2400
=040  \\$aUk$beng$cUk$dUk
=042  \\$aukblsr
=082  04$a371.93$220
=210  0\$aEmot. behav. difficulties
=222  \0$aEmotional and behavioural difficulties
=245  00$aEmotional and behavioural difficulties :$bthe journal of the Association of Workers for Children with Emotional and Behavioural Difficulties.
=246  3\$aEmotional & behavioural difficulties
=260  \\$a[East Sutton] :$b[The Association],$c1996-
=260  2\$aLondon :$bSage Publications
=264  31$aAbingdon :$bTaylor & Francis
=300  \\$av. ;$c30 cm.
=310  \\$aQuarterly,$b2000-
=321  \\$aThree issues yearly,$b1996-1999
=336  \\$atext$2rdacontent
=337  \\$aunmediated$2rdamedia
=338  \\$avolume$2rdacarrier
=362  0\$aVol. 1, no. 1 (spring 1996)-
=500  \\$aSubtitle change: Official journal of SEBDA.
=540  \\$aCurrent copyright fee: GBP37.00$c2\0$5Uk
=588  \\$aLatest issue consulted: volume 18, number 3 (September 2013).
=595  \\$aFORMERLY 8814.6427 UP TO VOL. 4, 1995 SEE ALSO CARD INDEX.
=650  \0$aAdjustment disorders in children$vPeriodicals.
=650  \0$aSpecial education$vPeriodicals.
=650  \0$aBehavior disorders in children$vPeriodicals.
=653  1\$aSchools$aDisruptive students
=690  7\$aSocial Welfare$2blcoll
=710  2\$aAssociation of Workers for Children with Emotional and Behavioural Difficulties.
=710  2\$aSocial, Emotional and Behavioural Difficulties Association.
=730  0\$aTherapeutic care and education,$x0968-1728.
=776  08$iAlso issued online as:$tEmotional and behavioural difficulties (Online)$x1741-2692
=780  00$tTherapeutic care and education$x0968-1728
=852  41$aBritish Library$bDSC$j3733.567500$3Vol. 1, no. 1 (1996)-v. 14, no. 4 (2009)***UKRR Retained Title
=852  41$aBritish Library$bHMNTS$jZK.9.b.11332$3Vol. 1, no. 1 (Spring 1996)-v. 20, no. 4 (Dec. 2015)***title now taken as electronic copy only
=856  \\$31850-9999$uhttp://www.tandfonline.com/$xBLDSS
=945  \\$aEMOTIONAL AND BEHAVIOURAL DIFFICULTIES.
=959  \\$fHeld but not currently received
=963  \\$aVOL. 1, 1996- *A=1$bY$cL232:3.B.155
=985  \\$aISSN responsibility taken by United States ISSN Center (multinational publisher), 23.10.2013.
=A02  \\$a2527767
=ACF  \\$aPrevious copyright fee: GBP17.00$c2\0$e01-jan-2010$fGBP17.00$g0$hP$5Uk
=ACF  \\$aPrevious copyright fee: GBP16.00$c2\0$e01-jan-2009$fGBP16.00$g0$hP$5Uk
=ACF  \\$aPrevious copyright fee: GBP15.00$c2\0$e01-apr-2008$fGBP15.00$g0$hP$5Uk
=ACF  \\$aPrevious copyright fee: GBP16.00$c2\0$e01-jan-2007$fGBP16.00$g0$hP$5Uk
=ACF  \\$aPrevious copyright fee: GBP13.00$c2\0$e01-jan-2006$fGBP13.00$g0$hP$5Uk
=ACF  \\$aPrevious copyright fee: GBP13.50$c19\0$e01-jan-2005$fGBP13.50$g0$hP$5Uk
=ACF  \\$aPrevious copyright fee: GBP12.50$c19\0$e01-jan-2003$fGBP12.50$g0$hP$5Uk
=ACF  \\$aCurrent copyright fee: GBP10.00$c19\0$e30-nov-2000$fGBP10.00$g0$hP$5Uk
=ACF  \\$aCurrent copyright fee: GBP6.00$c0$e01-jul-2000$fGBP6.00$g0$hC$5Uk
=ACF  \\$aPrevious copyright fee: GBP21.00$c2\0$e01-jan-2011$fGBP21.00$g0$hP$5Uk
=ACF  \\$aPrevious copyright fee: GBP23.00$c2\0$e01-jan-2012$fGBP23.00$g0$hP$5Uk
=ACF  \\$aPrevious copyright fee: GBP23.50$c2\0$e01-jan-2013$fGBP23.50$g0$hP$5Uk
=ACF  \\$aPrevious copyright fee: GBP24.00$c2\0$e01-jan-2014$fGBP24.00$g0$hP$5Uk
=ACF  \\$aPrevious copyright fee: GBP25.00$c2\0$e01-jan-2015$fGBP25.00$g0$hP$5Uk
=ACF  \\$aPrevious copyright fee: GBP26.00$c2\0$e01-jan-2016$fGBP26.00$g0$hP$5Uk
=ACF  \\$aPrevious copyright fee: GBP28.00$c2\0$e01-jan-2017$fGBP28.00$g0$hP$5Uk
=ACF  \\$aPrevious copyright fee: GBP30.00$c2\0$e01-jan-2018$fGBP30.00$g0$hP$5Uk
=ACF  \\$aPrevious copyright fee: GBP32.00$c2\0$e01-jan-2019$fGBP32.00$g0$hP$5Uk
=ACF  \\$aPrevious copyright fee: GBP34.00$c2\0$e01-jan-2020$fGBP34.00$g0$hP$5Uk
=CAT  \\$aWR09-126
=CAT  \\$a11313$b40$c20131023$lBLL01$h0858
=CAT  \\$aBATCH-UPD$b40$c20131119$lBLL01$h1957
=CAT  \\$aIPL-CLA$c20131231$lBLL01$h1846
=CAT  \\$aBATCH-CLA$b00$c20140125$lBLL01$h1312
=CAT  \\$aBATCH-CLA$c20140225$lBLL01$h2313
=CAT  \\$aWR14_140$c20140905$lBLL01$h1718
=CAT  \\$aBATCH-UPD$b00$c20141124$lBLL01$h1759
=CAT  \\$aBLDSS-3PM$b00$c20141130$lBLL01$h1244
=CAT  \\$aIPL-CLA$c20141231$lBLL01$h1641
=CAT  \\$aBATCH-UPD$b00$c20151119$lBLL01$h1540
=CAT  \\$aIPL-CLA$c20151231$lBLL01$h1905
=CAT  \\$a11205$b40$c20160114$lBLL01$h1052
=CAT  \\$aBATCH-UPD$b40$c20160714$lBLL01$h1231
=CAT  \\$aBATCH-UPD$b40$c20161122$lBLL01$h1510
=CAT  \\$aIPL-CLA$c20161230$lBLL01$h1806
=CAT  \\$aBATCH-UPD$b00$c20171121$lBLL01$h1644
=CAT  \\$aIPL-CLA$c20171231$lBLL01$h1342
=CAT  \\$aBATCH-UPD$b00$c20181217$lBLL01$h1636
=CAT  \\$aIPL-CLA$c20181231$lBLL01$h1532
=CAT  \\$aBATCH-UPD$b00$c20191122$lBLL01$h1858
=CAT  \\$aIPL-CLA$c20191231$lBLL01$h1716
=CAT  \\$aBATCH-UPD$b00$c20201118$lBLL01$h1331
=CAT  \\$aIPL-CLA$c20201231$lBLL01$h1518
=CAT  \\$aBATCH-UPD$b00$c20221121$lBLL01$h1344
=CAT  \\$aIPL-CLA$c20221231$lBLL01$h1432
=CFI  0\$aCurrent copyright fee: GBP37.00$c2\0$e01-jan-2023$fGBP37.00$g0$hP$5Uk
=CFI  2\$aPrevious copyright fee: GBP35.00$c2\0$e01-jan-2021$fGBP35.00$g0$hP$5Uk
=FFP  \\$aY$bBLDSS-3PM
=FIN  \\$aY
=FMT  \\$a  SE
=LAS  \\$aIPL-CLA$b00$c20221231$lBLL01$h1432
=LEO  \\$aMP5.0000836222
=LEO  \\$aMP10.0000207566
=LEO  \\$aMP13.0000338074
=LEO  \\$aMP22.0000050363
=LET  \0$aEmotional and behavioural difficulties (Print)
=SRC  \\$aBNB03$bbibmp5.200404.2.ab
=SRC  \\$aDSS01$bbibmp10.200404.2.aa
=SRC  \\$aHSS01$bbibmp13.200404.2.aa
=SRC  \\$aISN01$bbibmp22.200404.2.aa
=TCO  \\$aCLA$bCLA$c008
=TOC  \\$aETOC

