=LDR  02859 as a2200769ua 4500
=001  007246915
=003  Uk
=005  20151015154955.0
=007  ta
=008  961105d1996200uenkqr\p\\\\\\\0\\\a0mul\\
=015  \\$aGB9679787$2bnb
=019  y\$ab9679787
=019  9\$ab9679787
=019  1\$ab9679787
=022  0\$a1364-9086
=039  0\$a2412
=040  \\$aUk$cUk$dUk
=041  0\$aeng$bmul
=082  04$a338.17373$220
=210  0\$aCoffee stat.
=222  \0$aCoffee statistics
=245  00$aCoffee statistics.
=260  \\$aLondon (22 Berners St., London, W1P 4DD) :$bInternational Coffee Organization,$c1996-[2005]
=300  \\$av. ;$c30cm.
=310  \\$aQuarterly
=336  \\$atext$2rdacontent
=337  \\$aunmediated$2rdamedia
=338  \\$avolume$2rdacarrier
=362  0\$a1 (Dec. 1996)-
=362  1\$aCeased with issue 40 (Sept. 2005)
=546  \\$aParts of text translated into Spanish, French and Portuguese.
=580  \\$aIssue 40 (Sept. 2005) also available as CD-ROM format; later issues only issued as CD-ROM format.
=650  \0$aCoffee industry$xStatistics.
=650  \0$aMarket surveys.
=653  1\$aCoffee$aProduction
=690  7\$aManagement and Business Studies$2blcoll
=710  2\$aInternational Coffee Organization (1962- )
=785  10$tCoffee statistics (CD-ROM)
=852  41$aBritish Library$bHMNTS$jZK.9.b.10096$3Issue 1 (1996:Dec.)-Issue 40 (2005:Sep.)
=886  2\$2ukmarc$a910$b20$aOrganización Internacional del Cafe$xSee$aInternational Coffee Organization$z710
=886  2\$2ukmarc$a910$b20$aOrganização Internacional do Café$xSee$aInternational Coffee Organization$z710
=886  2\$2ukmarc$a910$b20$aOrganisation internationale du café$xSee$aInternational Coffee Organization$z710
=985  \\$aISSN UK Centre note: responsibility transferred to IC, publisher = international body (15.10.15).
=CAT  \\$aCONV$b00$c20040425$lBLL90$h0726
=CAT  \\$aCONV$b00$c20040502$lBLL01$h1213
=CAT  \\$aglobal_upd$b40$c20060417$lBLL01$h1550
=CAT  \\$a8964$b40$c20060719$lBLL01$h1030
=CAT  \\$a3072$b40$c20071009$lBLL01$h1550
=CAT  \\$a3072$b40$c20071009$lBLL01$h1554
=CAT  \\$a3072$b40$c20071010$lBLL01$h1332
=CAT  \\$aBATCH$b00$c20090517$lBLL01$h1822
=CAT  \\$aWR09-126
=CAT  \\$aBATCH-UPD$b00$c20090904$lBLL01$h1708
=CAT  \\$aBATCH$b00$c20091118$lBLL01$h2257
=CAT  \\$aWR14_140$c20140905$lBLL01$h1719
=CAT  \\$a10973$b40$c20151015$lBLL01$h1549
=FIN  \\$aY
=FMT  \\$a  SE
=LAS  \\$a10973$b40$c20151015$lBLL01$h1549
=LEO  \\$aMP5.0000838170
=LEO  \\$aMP13.0000339314
=LEO  \\$aMP22.0000051657
=SRC  \\$aBNB03$bbibmp5.200404.2.ab
=SRC  \\$aHSS01$bbibmp13.200404.2.aa
=SRC  \\$aISN01$bbibmp22.200404.2.aa
=SRC  \\$aDSS04$bbibld.200404.2.aa
=TCO  \\$aCLA$bCLA$c008

