=LDR  01785cas a2200601ua 4500
=001  007248117
=003  Uk
=005  20091029130833.0
=006  aa\\\|||||||||||0|
=007  ta
=008  970203c19969999enkbr|p\\\\\\\0\\\a0eng\\
=015  \\$aGB9713121$2bnb
=019  y\$ab9713121
=019  9\$ab9713121
=019  1\$ab9713121
=022  1\$a1366-901X
=039  0\$a2428
=040  \\$aUk$cUk$dUk
=082  04$a428.6$221
=222  \0$aStory box
=245  00$aStory box.
=246  3\$aStorybox
=246  3\$aCollins storybox
=260  \\$aLondon :$bHarperCollins.
=260  3\$aParis :$bBayard Presse
=300  \\$av. :$bcol.ill. ;$c24 cm.
=310  \\$aSix issues yearly
=336  \\$atext$2rdacontent
=337  \\$aunmediated$2rdamedia
=338  \\$avolume$2rdacarrier
=362  0\$aIssue no.1-
=650  \0$aReaders (Primary)
=852  41$aBritish Library$bHMNTS$jZK.9.a.5024$3Issue no.1-issue 250 (Jan./Feb. 2021)
=985  \\$aRecord merged by DQ team
=985  \\$aResponsibility for ISSN transferred to ISSN France from ISSN UK Centre, 29.10.2009
=CAT  \\$aCONV$b00$c20040425$lBLL90$h0726
=CAT  \\$aCONV$b00$c20040502$lBLL01$h1213
=CAT  \\$a8456$b40$c20061212$lBLL01$h1256
=CAT  \\$a11313$b40$c20091029$lBLL01$h1308
=CAT  \\$aBATCH$b00$c20091207$lBLL01$h0426
=CAT  \\$aBATCH$b00$c20091214$lBLL01$h0232
=CAT  \\$aWR14_140$c20140905$lBLL01$h1719
=FIN  \\$aY
=FMT  \\$a  SE
=LAS  \\$aWR14_140$b00$c20140905$lBLL01$h1719
=LEO  \\$aMP22.0000053381
=LEO  \\$aMP5.0000840080
=LEO  \\$aMP13.0000340556
=SRC  \\$aISN01$bbibmp22.200404.2.aa
=SRC  \\$aDSS04$bbibld.200404.2.aa
=SRC  \\$aBNB03$bbibmp5.200404.2.ab
=SRC  \\$aHSS01$bbibmp13.200404.2.aa
=TCO  \\$aCLA$bCLA$c008

