=LDR  05591cas a2201285 a 4500
=001  007250005
=003  Uk
=005  20230930080123.0
=006  aa\\\|||||||||||||
=007  ta
=008  970909c19979999enkbx\p\\\\\\\0\\\a0eng\\
=015  \\$aGB9753205$2bnb
=019  y\$ab9753205
=019  9\$ab9753205
=019  c\$a2546800
=019  1\$ab9753205
=022  0\$a1362-1025
=039  0\$a2453
=040  \\$aUk$beng$cUk$dUk
=041  0\$aeng$bfre
=042  \\$aukblsr
=082  04$a323.605$221
=210  0\$aCitizsh. stud.$b(Print)
=222  \0$aCitizenship studies$b(Print)
=245  00$aCitizenship studies.
=260  \\$aAbingdon :$bCarfax,$c1997-
=264  31$aAbingdon :$bTaylor & Francis, an Informa business
=300  \\$av. :$bill. ;$c25 cm.
=310  \\$aEight issues yearly
=321  \\$aThree issues yearly
=336  \\$atext$2rdacontent
=337  \\$aunmediated$2rdamedia
=338  \\$avolume$2rdacarrier
=362  0\$aVol. 1, no. 1 (Feb. 1997)-
=540  \\$aCurrent copyright fee: GBP37.00$c2\0$5Uk
=546  \\$aText in English, with some articles in French.
=555  \\$aCumulative index published in last issue of each v.
=588  \\$aLatest issue consulted: volume 18, numbers 3-4 (June 2014).
=650  \0$aCitizenship$vPeriodicals.
=776  08$iAlso issued online as:$tCitizenship studies (Online)$x1469-3593
=852  41$aBritish Library$bDSC$j3267.793900$3Vol. 1, no. 1 (1997)-v. 18, no. 8 (2014)***UKRR Retained Title
=852  41$aBritish Library$bHMNTS$jZC.9.a.4959$3Vol. 1, no. 1 (1997)-v. 19, no. 8 (2015)***Title now taken as electronic copy only
=856  \\$31850-9999$uhttp://www.tandfonline.com/$xBLDSS
=945  \\$aCITIZENSHIP STUDIES.
=959  \\$fHeld but not currently received
=963  \\$aVOL. 1, 1997- *A=1$bN$cU
=985  \\$aISSN responsibility taken by US ISSN Center (multinational publisher agreement), July 24 2014.
=A02  \\$a2546800
=ACF  \\$aPrevious copyright fee: GBP17.00$c1\0$e01-jan-2010$fGBP17.00$g0$hP$5Uk
=ACF  \\$aPrevious copyright fee: GBP16.00$c1\0$e01-jan-2009$fGBP16.00$g0$hP$5Uk
=ACF  \\$aPrevious copyright fee: GBP15.00$c1\0$e01-apr-2008$fGBP15.00$g0$hP$5Uk
=ACF  \\$aPrevious copyright fee: GBP16.00$c1\0$e01-jan-2007$fGBP16.00$g0$hP$5Uk
=ACF  \\$aPrevious copyright fee: GBP13.00$c1\0$e01-jan-2005$fGBP13.00$g0$hP$5Uk
=ACF  \\$aPrevious copyright fee: GBP11.00$c1\0$e01-jan-2004$fGBP11.00$g0$hP$5Uk
=ACF  \\$aCurrent copyright fee: GBP10.00$c1\0$e01-apr-2002$fGBP10.00$g0$hP$5Uk
=ACF  \\$aCurrent copyright fee: GBP9.00$c1\0$e01-jan-2000$fGBP9.00$g0$hP$5Uk
=ACF  \\$aPrevious copyright fee: GBP21.00$c1\0$e01-jan-2011$fGBP21.00$g0$hP$5Uk
=ACF  \\$aPrevious copyright fee: GBP23.00$c1\0$e01-jan-2012$fGBP23.00$g0$hP$5Uk
=ACF  \\$aPrevious copyright fee: GBP23.50$c1\0$e01-jan-2013$fGBP23.50$g0$hP$5Uk
=ACF  \\$aPrevious copyright fee: GBP24.00$c1\0$e01-jan-2014$fGBP24.00$g0$hP$5Uk
=ACF  \\$aPrevious copyright fee: GBP25.00$c1\0$e01-jan-2015$fGBP25.00$g0$hP$5Uk
=ACF  \\$aPrevious copyright fee: GBP26.00$c1\0$e01-jan-2016$fGBP26.00$g0$hP$5Uk
=ACF  \\$aPrevious copyright fee: GBP28.00$c1\0$e01-jan-2017$fGBP28.00$g0$hP$5Uk
=ACF  \\$aPrevious copyright fee: GBP30.00$c1\0$e01-jan-2018$fGBP30.00$g0$hP$5Uk
=ACF  \\$aPrevious copyright fee: GBP32.00$c1\0$e01-jan-2019$fGBP32.00$g0$hP$5Uk
=ACF  \\$aPrevious copyright fee: GBP34.00$c1\0$e01-jan-2020$fGBP34.00$g0$hP$5Uk
=ACF  \\$aPrevious copyright fee: GBP35.00$c1\0$e01-jan-2021$fGBP35.00$g0$hP$5Uk
=CAT  \\$aWR09-126
=CAT  \\$a11205$b40$c20140722$lBLL01$h0952
=CAT  \\$a11313$b40$c20140724$lBLL01$h1253
=CAT  \\$aWR14_140$c20140905$lBLL01$h1720
=CAT  \\$aBATCH-UPD$b00$c20141124$lBLL01$h1740
=CAT  \\$aBLDSS-3PM$b00$c20141130$lBLL01$h1244
=CAT  \\$aIPL-CLA$c20141231$lBLL01$h1641
=CAT  \\$aBATCH-UPD$b00$c20151119$lBLL01$h1519
=CAT  \\$aIPL-CLA$c20151231$lBLL01$h1905
=CAT  \\$a5997$b40$c20160127$lBLL01$h1353
=CAT  \\$aBATCH-UPD$b40$c20160413$lBLL01$h1801
=CAT  \\$aBATCH-UPD$b40$c20161122$lBLL01$h1442
=CAT  \\$aBATCH-UPD$b40$c20161122$lBLL01$h1444
=CAT  \\$aIPL-CLA$c20161230$lBLL01$h1806
=CAT  \\$aBATCH-UPD$b00$c20171121$lBLL01$h1622
=CAT  \\$aIPL-CLA$c20171231$lBLL01$h1342
=CAT  \\$aBATCH-UPD$b00$c20181217$lBLL01$h1628
=CAT  \\$aIPL-CLA$c20181231$lBLL01$h1532
=CAT  \\$aBATCH-UPD$b00$c20191122$lBLL01$h1841
=CAT  \\$aIPL-CLA$c20191231$lBLL01$h1716
=CAT  \\$aBATCH-UPD$b00$c20201118$lBLL01$h1323
=CAT  \\$aIPL-CLA$c20201231$lBLL01$h1518
=CAT  \\$aBATCH-UPD$b00$c20221121$lBLL01$h1318
=CAT  \\$aIPL-CLA$c20221231$lBLL01$h1433
=CAT  \\$aR2308-1440$c20230824$lBLL01$h0925
=CAT  \\$aIPL-CLA$c20230930$lBLL01$h0801
=CFI  0\$aCurrent copyright fee: GBP37.00$c2\0$e01-oct-2023$fGBP37.00$g0$hP$5Uk
=CFI  2\$aPrevious copyright fee: GBP37.00$c1\0$e01-jan-2023$fGBP37.00$g0$hP$5Uk
=FFP  \\$aY$bBLDSS-3PM
=FIN  \\$aY
=FMT  \\$a  SE
=LAS  \\$aIPL-CLA$b00$c20230930$lBLL01$h0801
=LEO  \\$aMP5.0000843003
=LEO  \\$aMP10.0000148272
=LEO  \\$aMP13.0000342515
=LEO  \\$aMP22.0000049436
=LKR  \\$aPAR$b013351478$lBLL01$nCitizenship studies (Online)$mCitizenship studies (Online)$r776
=SRC  \\$aBNB03$bbibmp5.200404.2.ab
=SRC  \\$aDSS01$bbibmp10.200404.2.aa
=SRC  \\$aHSS01$bbibmp13.200404.2.aa
=SRC  \\$aISN01$bbibmp22.200404.2.aa
=TCO  \\$aCLA$bCLA$c008
=TOC  \\$aETOC

