=LDR  02940 as a2200841 a 4500
=001  007250644
=003  Uk
=005  20210422080740.0
=006  aac\\|||||||||||||
=007  ta
=008  971201d19922020enkqr\p\\\\\\\0\\\a0eng\\
=015  \\$aGB9770091$2bnb
=019  y\$ab9770091
=019  9\$ab9770091
=019  1\$ab9770091
=022  0\$a0967-926X
=039  0\$a2465
=040  \\$aUk$beng$cUk$dUk
=042  \\$aukblsr
=082  04$a266$221
=130  0\$aTransmission (London, England : 1992)
=222  \0$aTransMission$b(London. 1992)
=245  10$aTransMission.
=260  \\$aLondon :$bUnited Society for the Propagation of the Gospel,$c[1992?]-[2020]
=300  \\$av. :$bill., ports. ;$c44 cm.
=310  \\$aQuarterly
=336  \\$atext$2rdacontent
=337  \\$aunmediated$2rdamedia
=338  \\$avolume$2rdacarrier
=362  1\$aCeased in 2020.
=500  \\$a"The quarterly newspaper of USPG: Anglicans in World Mission."
=500  \\$aSubtitle varies.
=588  \\$aDescription based on: No. 3 (1994) issue.
=588  \\$aLatest issue consulted: summer 2015.
=610  20$aUs (Charity)$xFinance$vPeriodicals.
=610  20$aUnited Society for the Propagation of the Gospel$vPeriodicals.
=650  \0$aTheology, Practical$vPeriodicals.
=710  2\$aUnited Society for the Propagation of the Gospel.
=710  2\$32012-$aUs (Charity)$eissuing body.
=785  00$tKoinonia (London, England)
=852  41$aBritish Library$bHMNTS$jZK.9.d.1369$3Advent (1992)-spring (2020)
=852  41$aBritish Library$bHMNTS$3Winter (2010)
=985  \\$aResponsibility for ISSN transferred to IC from ISSN UK Centre, 02.02.07
=CAT  \\$aCONV$b00$c20040425$lBLL90$h0726
=CAT  \\$aCONV$b00$c20040502$lBLL01$h1214
=CAT  \\$aglobal_upd$b40$c20060417$lBLL01$h1551
=CAT  \\$a6537$b40$c20070202$lBLL01$h1423
=CAT  \\$aBATCH-UPD$b40$c20070705$lBLL01$h2052
=CAT  \\$aBATCH-UPD$b40$c20090208$lBLL01$h1800
=CAT  \\$aWR09-126
=CAT  \\$aBATCH-UPD$b40$c20090904$lBLL01$h1709
=CAT  \\$aBATCH$b00$c20091207$lBLL01$h0426
=CAT  \\$aBATCH$b00$c20091214$lBLL01$h0232
=CAT  \\$a8874$b40$c20100125$lBLL01$h0737
=CAT  \\$aBATCH-UPD$b40$c20100823$lBLL01$h1453
=CAT  \\$a5997$b40$c20101123$lBLL01$h1154
=CAT  \\$aWR14_140$c20140905$lBLL01$h1720
=CAT  \\$a8124$b40$c20150806$lBLL01$h0955
=CAT  \\$a7416$b40$c20170126$lBLL01$h1051
=CAT  \\$a7416$b40$c20170126$lBLL01$h1052
=CAT  \\$a10969$b40$c20210420$lBLL01$h1515
=CAT  \\$a10806$b40$c20210422$lBLL01$h0807
=FIN  \\$aY
=FMT  \\$a  SE
=LAS  \\$a10806$b40$c20210422$lBLL01$h0807
=LEO  \\$aMP5.0000844003
=LEO  \\$aMP13.0000343193
=LEO  \\$aMP22.0000039089
=SRC  \\$aDSS04$bbibld.200404.2.aa
=SRC  \\$aBNB03$bbibmp5.200404.2.ab
=SRC  \\$aHSS01$bbibmp13.200404.2.aa
=SRC  \\$aISN01$bbibmp22.200404.2.aa
=TCO  \\$aCLA$bCLA$c008

