=LDR  05889cas a2201309 a 4500
=001  007252396
=003  Uk
=005  20230930080125.0
=007  ta
=008  980907c19989999enkqr\p\\\\\\\0\\\a0eng\\
=015  \\$aGB9856411$2bnb
=019  y\$ab9856411
=019  9\$ab9856411
=019  c\$a2558815
=019  1\$ab9856411
=022  0\$a1368-8804
=039  0\$a2502
=040  \\$aUk$cUk$dUk
=082  04$a070.509$221
=210  0\$aMedia hist.
=222  \0$aMedia history
=245  00$aMedia history.
=260  \\$aAbingdon :$bCarfax,$c1998-
=264  31$aAbingdon :$bRoutledge Journals
=300  \\$av. :$bill., facsims. ;$c24 cm.
=310  \\$aQuarterly,$b2009-
=321  \\$aThree issues yearly,$b2003-2008
=321  \\$aTwo issues yearly,$b1998-2002
=336  \\$atext$2rdacontent
=337  \\$aunmediated$2rdamedia
=338  \\$avolume$2rdacarrier
=362  0\$aVol. 4, no. 1 (June 1998)-
=540  \\$aCurrent copyright fee: GBP37.00$c2\0$5Uk
=588  \\$aLatest issue consulted: volume 20, number 1 (February 2014).
=595  \\$aFORMERLY 8491.15577 CHANGE BETWEEN 1995 AND VOL. 4, 1998 SEE ALSO CARD INDEX.
=650  \0$aNewspaper publishing$xHistory$vPeriodicals.
=650  \0$aPeriodicals$xPublishing$xHistory$vPeriodicals.
=650  \0$aMass media and culture$vPeriodicals.
=650  \0$aMass media$xSocial aspects$vPeriodicals.
=776  0\$tMedia history (Online)$x1469-9729
=780  00$tStudies in newspaper and periodical history$x1075-0673
=852  41$aBritish Library$bDSC$j5525.258132$3Vol. 4, no. 1 (1998)-v. 20, no. 2 (2014)***UKRR Retained Title***Stock Incomplete
=852  41$aBritish Library$bHMNTS$jZC.9.a.5029$3Holdings: vol. 4 no. 1 (June 1998)-v. 21, no. 4 (2015)***title now taken as electronic copy only
=856  \\$31850-9999$uhttp://www.tandfonline.com/$xBLDSS
=945  \\$aMEDIA HISTORY.
=959  \\$fHeld but not currently received
=963  \\$aVOL. 4, 1998- *A=1$bN$cU
=985  \\$aISSN note: responsibility for ISSN transferred to ISSN US Centre from ISSN UK Centre (multinational agreement), 13.03.14.
=A02  \\$a2558815
=ACF  \\$aPrevious copyright fee: GBP17.00$c1\0$e01-jan-2010$fGBP17.00$g0$hP$5Uk
=ACF  \\$aPrevious copyright fee: GBP16.00$c1\0$e01-jan-2009$fGBP16.00$g0$hP$5Uk
=ACF  \\$aPrevious copyright fee: GBP15.00$c1\0$e01-apr-2008$fGBP15.00$g0$hP$5Uk
=ACF  \\$aPrevious copyright fee: GBP16.00$c1\0$e01-jan-2007$fGBP16.00$g0$hP$5Uk
=ACF  \\$aPrevious copyright fee: GBP13.00$c1\0$e01-jan-2005$fGBP13.00$g0$hP$5Uk
=ACF  \\$aPrevious copyright fee: GBP11.00$c1\0$e01-jan-2004$fGBP11.00$g0$hP$5Uk
=ACF  \\$aCurrent copyright fee: GBP10.00$c1\0$e01-apr-2002$fGBP10.00$g0$hP$5Uk
=ACF  \\$aCurrent copyright fee: GBP9.00$c1\0$e01-jan-2000$fGBP9.00$g0$hP$5Uk
=ACF  \\$aPrevious copyright fee: GBP21.00$c1\0$e01-jan-2011$fGBP21.00$g0$hP$5Uk
=ACF  \\$aPrevious copyright fee: GBP23.00$c1\0$e01-jan-2012$fGBP23.00$g0$hP$5Uk
=ACF  \\$aPrevious copyright fee: GBP23.50$c1\0$e01-jan-2013$fGBP23.50$g0$hP$5Uk
=ACF  \\$aPrevious copyright fee: GBP24.00$c1\0$e01-jan-2014$fGBP24.00$g0$hP$5Uk
=ACF  \\$aPrevious copyright fee: GBP25.00$c1\0$e01-jan-2015$fGBP25.00$g0$hP$5Uk
=ACF  \\$aPrevious copyright fee: GBP26.00$c1\0$e01-jan-2016$fGBP26.00$g0$hP$5Uk
=ACF  \\$aPrevious copyright fee: GBP28.00$c1\0$e01-jan-2017$fGBP28.00$g0$hP$5Uk
=ACF  \\$aPrevious copyright fee: GBP30.00$c1\0$e01-jan-2018$fGBP30.00$g0$hP$5Uk
=ACF  \\$aPrevious copyright fee: GBP32.00$c1\0$e01-jan-2019$fGBP32.00$g0$hP$5Uk
=ACF  \\$aPrevious copyright fee: GBP34.00$c1\0$e01-jan-2020$fGBP34.00$g0$hP$5Uk
=ACF  \\$aPrevious copyright fee: GBP35.00$c1\0$e01-jan-2021$fGBP35.00$g0$hP$5Uk
=CAT  \\$aCONV$b00$c20040425$lBLL90$h0726
=CAT  \\$a11315$b40$c20140304$lBLL01$h1103
=CAT  \\$a11315$b40$c20140304$lBLL01$h1132
=CAT  \\$a11315$b40$c20140313$lBLL01$h1035
=CAT  \\$aBATCH-UPD$b40$c20141124$lBLL01$h1740
=CAT  \\$aBLDSS-3PM$b00$c20141130$lBLL01$h1244
=CAT  \\$aIPL-CLA$c20141231$lBLL01$h1641
=CAT  \\$aBATCH-UPD$b00$c20151119$lBLL01$h1519
=CAT  \\$aIPL-CLA$c20151231$lBLL01$h1905
=CAT  \\$a11315$b40$c20160412$lBLL01$h1528
=CAT  \\$aBATCH-UPD$b40$c20160413$lBLL01$h1801
=CAT  \\$aBATCH-UPD$b40$c20161122$lBLL01$h1442
=CAT  \\$aBATCH-UPD$b40$c20161122$lBLL01$h1444
=CAT  \\$aIPL-CLA$c20161230$lBLL01$h1807
=CAT  \\$aBATCH-UPD$b00$c20171121$lBLL01$h1622
=CAT  \\$aIPL-CLA$c20171231$lBLL01$h1343
=CAT  \\$aBATCH-UPD$b00$c20181217$lBLL01$h1628
=CAT  \\$aIPL-CLA$c20181231$lBLL01$h1532
=CAT  \\$aBATCH-UPD$b00$c20191122$lBLL01$h1841
=CAT  \\$aIPL-CLA$c20191231$lBLL01$h1716
=CAT  \\$aBATCH-UPD$b00$c20201118$lBLL01$h1323
=CAT  \\$aIPL-CLA$c20201231$lBLL01$h1518
=CAT  \\$aBATCH-UPD$b00$c20221121$lBLL01$h1318
=CAT  \\$aIPL-CLA$c20221231$lBLL01$h1433
=CAT  \\$aR2308-1440$c20230824$lBLL01$h0925
=CAT  \\$aIPL-CLA$c20230930$lBLL01$h0801
=CFI  0\$aCurrent copyright fee: GBP37.00$c2\0$e01-oct-2023$fGBP37.00$g0$hP$5Uk
=CFI  2\$aPrevious copyright fee: GBP37.00$c1\0$e01-jan-2023$fGBP37.00$g0$hP$5Uk
=FFP  \\$aY$bBLDSS-3PM
=FIN  \\$aY
=FMT  \\$a  SE
=LAS  \\$aIPL-CLA$b00$c20230930$lBLL01$h0801
=LEO  \\$aMP5.0001501349
=LEO  \\$aMP10.0000363811
=LEO  \\$aMP13.0000345054
=LEO  \\$aMP22.0000055080
=LKR  \\$aPAR$b007238509$lBLL01$r78000$mMedia history$nStudies in newspaper and periodical history.
=LKR  \\$aPAR$b013358509$lBLL01$nMedia history (Online)$mMedia history (Print)$r776
=SRC  \\$aBNB03$bbibmp5.200404.2.ac
=SRC  \\$aDSS01$bbibmp10.200404.2.aa
=SRC  \\$aHSS01$bbibmp13.200404.2.aa
=SRC  \\$aISN01$bbibmp22.200404.2.aa
=TCO  \\$aCLA$bCLA$c008
=TOC  \\$aETOC

