=LDR  07329cas a2201501 a 4500
=001  007515781
=003  Uk
=005  20230620153535.0
=007  ta
=008  980209c19819999enksr\p\\\\\\\0\\\a0eng\\
=019  c\$a2186346
=019  0\$as140833137
=022  \\$a0273-1223
=040  \\$aUk$beng$cUk$dUk
=042  \\$aukblsr
=082  04$a628.168$221
=084  \\$aSM 75$2blsrissc
=210  0\$aWater sci. technol.
=222  \0$aWater science and technology
=245  00$aWater science and technology.
=246  3\$aWater science & technology
=260  \\$aOxford ;$aNew York :$bPergamon,$c1981-
=260  3\$32000-$aLondon :$bIWA Publishing
=300  \\$av. :$bill. ;$c25 cm.
=310  \\$aSemimonthly
=321  \\$aMonthly
=336  \\$atext$2rdacontent
=337  \\$aunmediated$2rdamedia
=338  \\$avolume$2rdacarrier
=362  1\$aBegan with vol. 13, no. 1 (1981).
=515  \\$aPagination of vol. 13 continues that of vol. 12.
=540  \\$aCurrent Copyright Fee: GBP13.35$c0$5Uk
=550  \\$aJournal of the International Association on Water Pollution Research <-1983 ; International Association on Water Pollution Research and Control, 1984->.
=580  \\$aContinuation of "Progress in water technology", q.v.
=595  \\$aFORMERLY 6924.620 UP TO VOL. 12(6), 1980.
=650  \0$aWater$xPollution$vPeriodicals.
=650  \0$aSewage$xPurification$vPeriodicals.
=650  \0$aWater quality management$vPeriodicals.
=710  2\$aInternational Association on Water Pollution Research and Control.
=710  2\$aInternational Association on Water Pollution Research.
=776  08$iAlso issued online as:$tWater science and technology$x1996-9732
=780  00$tProgress in water technology$x0306-6746
=852  71$aBritish Library$bSTI$k(P)$hSM 75$m-E(4)$2blsrissc$3Vol. 13 (1981)-v. 84, issue 10/12(2021:Nov. Dec.)***Prior to vol. 56 (2007) many issues catalogued separately as monographs.***Title now taken as electronic copy only
=852  41$aBritish Library$bDSC$j9275.445000$3Vol. 13, no. 1 (1981)-v. 70, no. 12 (2014)***UKRR Retained Title
=886  2\$2blmarc$a029$b00$aS140833005
=945  \\$aWATER SCIENCE AND TECHNOLOGY.
=959  \\$fHeld but not currently received
=963  \\$aVOL. 13, 1981- *A=1$bN$c428:01.B.1
=985  \\$aResponsibility for ISSN transferred to the International Centre, 30/11/07
=A02  \\$a2186346
=ACF  \\$aPrevious Copyright Fee: GBP13.35$c0$e01-apr-2012$fGBP13.35$g0$hC$5Uk
=ACF  \\$aPrevious Copyright Fee: GBP13.35$c0$e01-jan-2012$fGBP13.35$g0$hC$5Uk
=ACF  \\$aPrevious Copyright Fee: GBP13.35$c0$e01-oct-2011$fGBP13.35$g0$hC$5Uk
=ACF  \\$aPrevious Copyright Fee: GBP13.35$c0$e01-jul-2011$fGBP13.35$g0$hC$5Uk
=ACF  \\$aPrevious Copyright Fee: GBP13.35$c0$e01-apr-2011$fGBP13.35$g0$hC$5Uk
=ACF  \\$aPrevious Copyright Fee: GBP13.35$c0$e01-jan-2011$fGBP13.35$g0$hC$5Uk
=ACF  \\$aPrevious Copyright Fee: GBP13.35$c0$e01-oct-2010$fGBP13.35$g0$hC$5Uk
=ACF  \\$aPrevious Copyright Fee: GBP9.00$c0$e01-jul-2010$fGBP9.00$g0$hC$5Uk
=ACF  \\$aPrevious Copyright Fee: GBP13.35$c0$e01-oct-2009$fGBP13.35$g0$hC$5Uk
=ACF  \\$aPrevious Copyright Fee: GBP13.35$c0$e01-jul-2009$fGBP13.35$g0$hC$5Uk
=ACF  \\$aPrevious Copyright Fee: GBP13.35$c0$e01-apr-2009$fGBP13.35$g0$hC$5Uk
=ACF  \\$aPrevious Copyright Fee: GBP13.35$c0$e01-jan-2009$fGBP13.35$g0$hC$5Uk
=ACF  \\$aPrevious Copyright Fee: GBP13.35$c0$e01-oct-2008$fGBP13.35$g0$hC$5Uk
=ACF  \\$aPrevious Copyright Fee: GBP13.35$c0$e01-jul-2008$fGBP13.35$g0$hC$5Uk
=ACF  \\$aPrevious Copyright Fee: GBP13.35$c0$e01-apr-2008$fGBP13.35$g0$hC$5Uk
=ACF  \\$aPrevious Copyright Fee: GBP13.35$c0$e01-jan-2008$fGBP13.35$g0$hC$5Uk
=ACF  \\$aPrevious Copyright Fee: GBP13.35$c0$e01-oct-2007$fGBP13.35$g0$hC$5Uk
=ACF  \\$aPrevious Copyright Fee: GBP13.35$c0$e01-jul-2007$fGBP13.35$g0$hC$5Uk
=ACF  \\$aPrevious Copyright Fee: GBP13.35$c0$e01-apr-2007$fGBP13.35$g0$hC$5Uk
=ACF  \\$aPrevious Copyright Fee: GBP13.35$c0$e01-jan-2007$fGBP13.35$g0$hC$5Uk
=ACF  \\$aPrevious Copyright Fee: GBP13.35$c0$e01-oct-2006$fGBP13.35$g0$hC$5Uk
=ACF  \\$aPrevious Copyright Fee: GBP13.35$c0$e01-jul-2006$fGBP13.35$g0$hC$5Uk
=ACF  \\$aPrevious Copyright Fee: GBP13.35$c0$e01-apr-2006$fGBP13.35$g0$hC$5Uk
=ACF  \\$aPrevious Copyright Fee: GBP13.35$c0$e01-jan-2006$fGBP13.35$g0$hC$5Uk
=ACF  \\$aPrevious Copyright Fee: GBP13.35$c0$e01-oct-2005$fGBP13.35$g0$hC$5Uk
=ACF  \\$aPrevious Copyright Fee: GBP13.35$c0$e01-jul-2005$fGBP13.35$g0$hC$5Uk
=ACF  \\$aPrevious Copyright Fee: GBP13.35$c0$e01-apr-2005$fGBP13.35$g0$hC$5Uk
=ACF  \\$aPrevious Copyright Fee: GBP13.35$c0$e01-jan-2005$fGBP13.35$g0$hC$5Uk
=ACF  \\$aPrevious Copyright Fee: GBP13.35$c0$e01-oct-2004$fGBP13.35$g0$hC$5Uk
=ACF  \\$aPrevious copyright fee: GBP13.35$c0$e01-jul-2001$fGBP13.35$g0$hC$5Uk
=ACF  \\$aCurrent copyright fee: GBP5.00$c0$e01-jan-2001$fGBP5.00$g0$hC$5Uk
=ACF  \\$aCurrent copyright fee: GBP12.50$c5\5$e01-jan-2000$fGBP12.50$g0$hP$5Uk
=ACF  \\$aPrevious Copyright Fee: GBP13.35$c0$e01-jul-2012$fGBP13.35$g0$hC$5Uk
=ACF  \\$aPrevious Copyright Fee: GBP13.35$c0$e01-oct-2012$fGBP13.35$g0$hC$5Uk
=CAT  \\$aWR09-126
=CAT  \\$aBATCH-CLA$b00$c20101115$lBLL01$h1555
=CAT  \\$aIPL-CLA$c20101231$lBLL01$h1159
=CAT  \\$aBATCH-CLA$b00$c20110228$lBLL01$h1538
=CAT  \\$aIPL-CLA$c20110331$lBLL01$h1427
=CAT  \\$aBATCH-CLA$b00$c20110531$lBLL01$h1638
=CAT  \\$aIPL-CLA$c20110630$lBLL01$h1508
=CAT  \\$aBATCH-CLA$b00$c20110831$lBLL01$h1752
=CAT  \\$aIPL-CLA$c20110930$lBLL01$h1507
=CAT  \\$aBATCH-CLA$b00$c20111130$lBLL01$h1207
=CAT  \\$aIPL-CLA$c20111230$lBLL01$h1703
=CAT  \\$aBATCH-CLA$b00$c20120229$lBLL01$h1618
=CAT  \\$aIPL-CLA$c20120330$lBLL01$h1353
=CAT  \\$aBATCH-CLA$b00$c20120531$lBLL01$h1659
=CAT  \\$aBATCH-UPD$b00$c20120614$lBLL01$h2138
=CAT  \\$aIPL-CLA$c20120629$lBLL01$h0949
=CAT  \\$aBATCH-CLA$b00$c20120831$lBLL01$h1528
=CAT  \\$aIPL-CLA$c20120930$lBLL01$h2001
=CAT  \\$aBATCH-CLA$b00$c20121103$lBLL01$h1024
=CAT  \\$aWR12_168$c20121206$lBLL01$h1834
=CAT  \\$aWR13.005$c20130323$lBLL01$h1415
=CAT  \\$aCDS15-UPD$b40$c20140630$lBLL01$h1052
=CAT  \\$aBATCH-CLA$b00$c20221130$lBLL01$h1429
=CAT  \\$aIPL-CLA$c20221231$lBLL01$h1433
=CAT  \\$aBATCH-CLA$b00$c20230209$lBLL01$h1516
=CAT  \\$aIPL-CLA$c20230209$lBLL01$h2330
=CAT  \\$a11205$b40$c20230620$lBLL01$h1501
=CAT  \\$a11205$b40$c20230620$lBLL01$h1534
=CAT  \\$a11205$b40$c20230620$lBLL01$h1535
=CFI  0\$aCurrent Copyright Fee: GBP13.35$c0$e09-feb-2023$fGBP13.35$g0$hC$5Uk
=CFI  2\$aBritish Library not licensed to copy$c0$e01-jan-2023$hC$iCFP Excluded$5Uk
=FIN  \\$aY
=FMT  \\$a  SE
=LAS  \\$a11205$b40$c20230620$lBLL01$h1535
=LEO  \\$aMP10.0000606708
=LEO  \\$aMP22.0000017548
=LEO  \\$aMP25.0000041904
=MIS  \\$ak-sep
=SRC  \\$aDSS01$bbibmp10.200404.2.aa
=SRC  \\$aISN01$bbibmp22.200404.2.aa
=SRC  \\$aSRI01$bbibmp25.200404.2.aa
=SSD  \\$a50300{dollar}aContinuation of "Progress in water technology", q.v
=TCO  \\$aCLA$bCLA$c008
=TOC  \\$aETOC

