=LDR  06321cas a22014297a 4500
=001  007530656
=003  Uk
=005  20230511162553.0
=006  aa\\\|||||||||||||
=007  ta
=008  970310d19962020gw\mr\p\\\\\\\0\\\a0eng\\
=015  \\$aGB9713154$2bnb
=019  y\$ab9713154
=019  9\$ab9713154
=019  c\$a2542866
=019  0\$as539208019
=022  \\$a1367-5435$y0169-4146
=039  0\$a2428
=040  \\$aUk$beng$cUk$dUk
=042  \\$aukblsr
=082  04$a660.62$221
=084  \\$aKH 80$2blsrissc
=084  \\$aDC 00$2blsrissc
=210  0\$aJ. ind. microbiol. biotech.
=222  \0$aJournal of industrial microbiology & biotechnology
=245  00$aJournal of industrial microbiology & biotechnology.
=246  3\$aJournal of industrial microbiology and biotechnology
=246  13$aJIM&B
=260  \\$aBasingstoke :$bStockton,$c1996-2020.
=260  3\$aHeidelberg :$bSpringer
=300  \\$av. :$bill. ;$c28 cm.
=310  \\$aMonthly
=336  \\$atext$2rdacontent
=337  \\$aunmediated$2rdamedia
=338  \\$avolume$2rdacarrier
=362  0\$aVol. 17, no. 3/4 (Sept./Oct. 1996)-
=362  1\$aCeased in 2020.
=540  \\$aCurrent copyright fee: zero$c29\0$5Uk
=550  \\$aPublished for the Society for Industrial Microbiology, later: Society for Industrial Microbiology and Biotechnology.
=595  \\$aFormerly 5006.33 up to Volume 17, Number 2 (1996)
=650  \0$aIndustrial microbiology$vPeriodicals.
=710  2\$aSociety for Industrial Microbiology (U.S.)
=710  2\$aSociety for Industrial Microbiology and Biotechnology (U.S.)
=776  08$iContinued online as:$tJournal of industrial microbiology & biotechnology (Online)$x1476-5535
=780  00$tJournal of industrial microbiology$x0169-4146
=852  41$aBritish Library$bDSC$j5006.330500$3Vol. 17, no. 3 (1996)-v. 37, no. 12 (2010)***UKRR Retained Title
=852  71$aBritish Library$bSTI$k(P)$hKH 80$m-E(57)$2blsrissc$3Vol. 17, no.3/4 (1996)-v. 37, no. 2 (2010)
=856  \\$31850-9999$uhttp://www.springer.com/gb/$xBLDSS
=945  \\$aJournal of industrial microbiology & biotechnology
=957  \\$aCR
=959  \\$fHeld but not currently received
=963  \\$aVolume 17, Number 3 (1996)-$bN$cP379.B.512
=968  \\$bx
=985  \\$aRecord merged by DQ team
=985  \\$aResponsibility for ISSN transferred to German Centre from ISSN UK Centre, 06.06.08
=ACF  \\$aPrevious copyright fee: GBP28.54$c22\3$e01-apr-2018$fGBP28.54$g0$hP$5Uk
=ACF  \\$aPrevious copyright fee: GBP16.67$c22\3$e01-jan-2006$fGBP16.67$g0$hP$5Uk
=ACF  \\$aPrevious copyright fee: GBP16.22$c22\3$e01-apr-2005$fGBP16.22$g0$hP$5Uk
=ACF  \\$aPrevious copyright fee: GBP16.67$c22\3$e01-jan-2005$fGBP16.67$g0$hP$5Uk
=ACF  \\$aPrevious copyright fee: GBP18.92$c22\3$e24-aug-2004$fGBP18.92$g0$hP$5Uk
=ACF  \\$aCurrent copyright fee: GBP13.51$c16\0$e01-apr-2004$fGBP13.51$g0$hP$5Uk
=ACF  \\$aCurrent copyright fee: GBP14.71$c16\0$e16-feb-2004$fGBP14.71$g0$hP$5Uk
=ACF  \\$aCurrent copyright fee: GBP14.71$c0$e01-jan-2004$fGBP14.71$g0$hC$5Uk
=ACF  \\$aPrevious copyright fee: GBP17.14$c22\3$e01-apr-2006$fGBP17.14$g0$hP$5Uk
=ACF  \\$aPrevious copyright fee: GBP22.00$c22\3$e12-aug-2012$fGBP22.00$g0$hP$5Uk
=ACF  \\$aPrevious copyright fee: GBP25.00$c22\3$e01-jan-2013$fGBP25.00$g0$hP$5Uk
=ACF  \\$aPrevious copyright fee: GBP25.77$c22\3$e01-jul-2013$fGBP25.77$g0$hP$5Uk
=ACF  \\$aPrevious copyright fee: GBP24.97$c22\3$e01-jan-2014$fGBP24.97$g0$hP$5Uk
=ACF  \\$aPrevious copyright fee: GBP24.21$c22\3$e01-jul-2014$fGBP24.21$g0$hP$5Uk
=ACF  \\$aPrevious copyright fee: GBP25.77$c22\3$e01-apr-2015$fGBP25.77$g0$hP$5Uk
=ACF  \\$aPrevious copyright fee: GBP26.63$c22\3$e01-jul-2015$fGBP26.63$g0$hP$5Uk
=ACF  \\$aPrevious copyright fee: GBP25.77$c22\3$e01-oct-2015$fGBP25.77$g0$hP$5Uk
=ACF  \\$aPrevious copyright fee: GBP27.55$c22\3$e01-apr-2016$fGBP27.55$g0$hP$5Uk
=ACF  \\$aPrevious copyright fee: GBP29.59$c22\3$e01-oct-2016$fGBP29.59$g0$hP$5Uk
=ACF  \\$aPrevious copyright fee: GBP31.96$c22\3$e01-apr-2017$fGBP31.96$g0$hP$5Uk
=ACF  \\$aPrevious copyright fee: GBP30.73$c22\3$e01-oct-2017$fGBP30.73$g0$hP$5Uk
=CAT  \\$aWR09-126
=CAT  \\$aIPL-CLA$c20150331$lBLL01$h1615
=CAT  \\$aBATCH-UPD$b00$c20150520$lBLL01$h1748
=CAT  \\$aIPL-CLA$c20150630$lBLL01$h1632
=CAT  \\$aBATCH-UPD$b00$c20150820$lBLL01$h1836
=CAT  \\$aIPL-CLA$c20150930$lBLL01$h1741
=CAT  \\$aBATCH-UPD$b00$c20160217$lBLL01$h1726
=CAT  \\$aIPL-CLA$c20160331$lBLL01$h1658
=CAT  \\$aBATCH-UPD$b00$c20160413$lBLL01$h1801
=CAT  \\$aBATCH-UPD$b00$c20160524$lBLL01$h2206
=CAT  \\$aBATCH-UPD$b00$c20160524$lBLL01$h2348
=CAT  \\$aBATCH-UPD$b00$c20160824$lBLL01$h1753
=CAT  \\$aIPL-CLA$c20160930$lBLL01$h1543
=CAT  \\$aBATCH-UPD$b00$c20170216$lBLL01$h1841
=CAT  \\$aIPL-CLA$c20170331$lBLL01$h1827
=CAT  \\$aBATCH-UPD$b00$c20170904$lBLL01$h1850
=CAT  \\$aIPL-CLA$c20170929$lBLL01$h1709
=CAT  \\$a11205$b40$c20171128$lBLL01$h1406
=CAT  \\$aBATCH-UPD$b40$c20180223$lBLL01$h1716
=CAT  \\$aIPL-CLA$c20180331$lBLL01$h1557
=CAT  \\$aBATCH-UPD$b00$c20180524$lBLL01$h1713
=CAT  \\$aIPL-CLA$c20180630$lBLL01$h1907
=CAT  \\$a11315$b40$c20180810$lBLL01$h1036
=CAT  \\$a5552$b40$c20210215$lBLL01$h1335
=CAT  \\$a10806$b40$c20210506$lBLL01$h1153
=CAT  \\$aBATCH-SUPP$c20230426$lBLL01$h1106
=CAT  \\$aBATCH-FIX$c20230511$lBLL01$h1625
=CFI  0\$aCurrent Copyright Fee: zero$c29\0$e15-feb-2021$fGBP0.00$g0$hP$5Uk
=CFI  2\$aPrevious copyright fee: GBP34.00$c22\1$e01-jul-2018$fGBP34.00$g0$hP$5Uk
=EST  \\$a2
=FFP  \\$aY$bBLDSS-3PM
=FIN  \\$aY
=FMT  \\$a  SE
=LAS  \\$aBATCH-FIX$b00$c20230511$lBLL01$h1625
=LEO  \\$aMP5.0000840084
=LEO  \\$aMP22.0000053946
=LEO  \\$aMP10.0000322509
=LEO  \\$aMP25.0000230520
=SRC  \\$aBNB03$bbibmp5.200404.2.ab
=SRC  \\$aISN01$bbibmp22.200404.2.aa
=SRC  \\$aDSS01$bbibmp10.200404.2.aa
=SRC  \\$aSRI01$bbibmp25.200404.2.aa
=SSD  \\$a50300{dollar}aContinuation of "Journal of industrial microbiology", q.v
=TCO  \\$aDEU$bVG WORT$c008
=TOC  \\$aETOC
=UNO  \\$aY

