=LDR  04247 as a2201045 i 4500
=001  007536762
=003  Uk
=005  20191231171833.0
=007  ta
=008  880105c19879999sz\br\p\\\\\\\0\\\a0eng\\
=019  c\$a2336887
=019  0\$as54918600x
=022  0\$a1010-061X
=040  \\$aUk$cUk$dUk
=082  04$a576.8$221
=084  \\$aCH 10$2blsrissc
=210  0\$aJ. evol. biol.$b(Print. ed.)
=222  \0$aJournal of evolutionary biology$b(Printed ed.)
=245  00$aJournal of evolutionary biology.
=260  \\$aBasel :$bBirkhäuser,$c1987-
=300  \\$av. :$bill. ;$c24 cm.
=310  \\$aBi-monthly
=336  \\$atext$2rdacontent
=337  \\$aunmediated$2rdamedia
=338  \\$avolume$2rdacarrier
=362  0\$aVol. 1, no. 1-
=500  \\$aOfficial journal of the European Society of Evolutionary Biology.
=540  \\$aCurrent Copyright Fee: GBP32.00$c35\0$5Uk
=650  \0$aBiology$vPeriodicals
=650  \0$aEvolution$xPeriodicals
=710  2\$aEuropean Society of Evolutionary Biology.
=776  0\$tJournal of evolutionary biology (Online)$x1420-9101
=852  41$aBritish Library$bHMNTS$jDZK.9.x.472$3Vol. 14, no. 1 (Jan. 2001)-v. 26, no. 3/4 (Mar./Apr. 2013)***title now taken as electronic copy only
=852  41$aBritish Library$bDSC$j4979.642100$3Vol. 1, issue 1 (1988)-v. 24, issue 11/12 (2011)***UKRR Retained Title
=852  71$aBritish Library$bSTI$k(P)$hCH 10$m-E(6)$2blsrissc$31987- ; Vol.1, 1988-***To 2000
=856  \\$31850-9999$uhttp://onlinelibrary.wiley.com/$xBLDSS
=945  \\$aJournal of evolutionary biology
=959  \\$fHeld but not currently received
=963  \\$aCA/U-2 Vol. 9 (1996)-$bY
=985  \\$aRecord merged by DQ team
=985  \\$aISSN UK Centre - checking ISSN responsibility with International Centre - 10/08/07 sf
=A02  \\$a2336887
=ACF  \\$aCurrent copyright fee: GBP13.00$c10\0$e01-apr-2003$fGBP13.00$g0$hP$5Uk
=ACF  \\$aCurrent copyright fee: GBP13.00$c10\4$e15-mar-2002$fGBP13.00$g0$hP$5Uk
=ACF  \\$aPrevious copyright fee: GBP15.00$c10\0$e01-apr-2004$fGBP15.00$g0$hP$5Uk
=ACF  \\$aPrevious Copyright Fee: GBP22.00$c10\0$e01-jan-2006$fGBP22.00$g0$hP$5Uk
=ACF  \\$aPrevious copyright fee: GBP24.00$c10\0$e01-mar-2015$fGBP24.00$g0$hP$5Uk
=ACF  \\$aPrevious copyright fee: GBP24.00$c35\0$e07-mar-2017$fGBP24.00$g0$hP$5Uk
=CAT  \\$aCONV$b00$c20040425$lBLL90$h0856
=CAT  \\$c20051230$lBLL01$h2216
=CAT  \\$a8180$b40$c20060213$lBLL01$h1111
=CAT  \\$a8180$b40$c20060213$lBLL01$h1113
=CAT  \\$a8874$b40$c20060213$lBLL01$h1317
=CAT  \\$aglobal_upd$b40$c20060417$lBLL01$h1613
=CAT  \\$aBATCH-UPD$b40$c20060901$lBLL01$h0935
=CAT  \\$aBATCH-UPD$b40$c20060901$lBLL01$h1019
=CAT  \\$a11316$b40$c20070810$lBLL01$h0855
=CAT  \\$aCDS-UPD$b40$c20091208$lBLL01$h2208
=CAT  \\$aCDS-UPD$b40$c20091208$lBLL01$h2233
=CAT  \\$aBATCH-CLA$b00$c20121103$lBLL01$h1024
=CAT  \\$aWR12_168$c20121206$lBLL01$h1809
=CAT  \\$aBLDSS-3PM$b00$c20141214$lBLL01$h1518
=CAT  \\$aBATCH-UPD$b00$c20150215$lBLL01$h1618
=CAT  \\$aIPL-CLA$c20150228$lBLL01$h2041
=CAT  \\$aBATCH-UPD$b00$c20170304$lBLL01$h1025
=CAT  \\$aW1703-0316$c20170306$lBLL01$h1821
=CAT  \\$aW1703-0316$c20170307$lBLL01$h1645
=CAT  \\$aIPL-CLA$c20170307$lBLL01$h1823
=CAT  \\$aBATCH-UPD$b00$c20180219$lBLL01$h1739
=CAT  \\$aBATCH-UPD$b00$c20181121$lBLL01$h1618
=CAT  \\$aIPL-CLA$c20181231$lBLL01$h1532
=CAT  \\$aR1911-0245$c20191127$lBLL01$h0821
=CAT  \\$aR1911-0245$c20191127$lBLL01$h1044
=CAT  \\$aIPL-CLA$c20191231$lBLL01$h1718
=CFI  0\$aCurrent Copyright Fee: GBP32.00$c35\0$e01-jan-2020$fGBP32.00$g0$hP$5Uk
=CFI  2\$aPrevious copyright fee: GBP28.00$c35\0$e01-jan-2019$fGBP28.00$g0$hP$5Uk
=EST  \\$a2
=FFP  \\$aY$bBLDSS-3PM
=FIN  \\$aY
=FMT  \\$a  SE
=LAS  \\$aIPL-CLA$b00$c20191231$lBLL01$h1718
=LEO  \\$aMP10.0000321482
=LEO  \\$aMP25.0000240301
=LEO  \\$aMP22.0000040605
=SRC  \\$aISN01$bbibmp22.200404.2.aa
=SRC  \\$aDSS01$bbibmp10.200404.2.aa
=SRC  \\$aSRI01$bbibmp25.200404.2.aa
=TCO  \\$aCHE$bPRO LITTERIS$c008
=TOC  \\$aETOC
=UNO  \\$aY

