=LDR  06071cas a2201357 a 4500
=001  007739153
=003  Uk
=005  20230930080136.0
=007  ta
=008  891017c19899999nyubr\p\\\\\\\0\\\a0eng\\
=015  \\$aGB8952562$2bnb
=019  y\$ab8952562
=019  9\$ab8952562
=019  c\$a2388086
=019  0\$as561695008
=022  0\$a0954-6634
=039  0\$a2060
=040  \\$aUk$beng$cUk$dUk
=042  \\$aukblsr
=050  00$aRL71
=080  \\$a616.5
=082  04$a616.506$221
=084  \\$aGU 82$2blsrissc
=210  0\$aJ. derm. treat.$b(Print)
=222  \0$aJournal of dermatological treatment$b(Print)
=245  04$aThe Journal of dermatological treatment.
=260  \\$a[S.l.] :$bDunitz and Macmillan Scientific & Medical,$c1989-
=264  21$aNew York, NY :$bInforma Healthcare
=264  31$a[Abingdon] :$bTaylor & Francis, Taylor & Francis Group
=300  \\$av. ;$c30 cm.
=310  \\$aBimonthly
=336  \\$atext$2rdacontent
=337  \\$aunmediated$2rdamedia
=338  \\$avolume$2rdacarrier
=362  0\$aVol. 1, no. 1 (June 1989)-
=540  \\$aCurrent copyright fee: GBP46.00$c2\0$5Uk
=588  \\$aLatest issue consulted: volume 27, numbers 1-6 (2016).
=597  \\$aEnhanced$bSRIS DDC
=650  \0$aDermatology$vPeriodicals.
=653  \\$aMedicine$aDermatology
=770  0\$tJournal of dermatological treatment. Supplement$x1361-2417
=776  0\$tJournal of dermatological treatment (Online)$x1471-1753
=852  41$aBritish Library$bDSC$j4968.767000$3Vol. 1, no. 1 (1989)-v. 21, no. 6 (2010)***UKRR Retained Title
=852  71$aBritish Library$bSTI$k(P)$hGU 82$m-E(44)$2blsrissc$3Vol. 1 (1989)-v. 24, no. 5 (2013)***title now taken as electronic copy only
=856  \\$31850-9999$uhttp://informahealthcare.com$xBLDSS
=945  \\$aJOURNAL OF DERMATOLOGICAL TREATMENT.
=959  \\$fHeld but not currently received
=963  \\$aCA/M-7 VOL. 1, 1989- *A=1$bN
=985  \\$aISSN responsibility taken by United States ISSN Center (multinational publisher), 23.10.2013.
=A02  \\$a2388086
=ACF  \\$aPrevious copyright fee: GBP19.00$c2\0$e01-apr-2008$fGBP19.00$g0$hP$5Uk
=ACF  \\$aPrevious Copyright Fee: GBP20.00$c2\0$e08-jan-2007$fGBP20.00$g0$hP$5Uk
=ACF  \\$aCurrent Copyright Fee: GBP18.00$c0$e01-jan-2007$fGBP18.00$g0$hC$5Uk
=ACF  \\$aPrevious Copyright Fee: GBP18.00$c0$e01-oct-2006$fGBP18.00$g0$hC$5Uk
=ACF  \\$aPrevious Copyright Fee: GBP18.00$c0$e01-jul-2006$fGBP18.00$g0$hC$5Uk
=ACF  \\$aPrevious Copyright Fee: GBP18.00$c0$e01-apr-2006$fGBP18.00$g0$hC$5Uk
=ACF  \\$aPrevious Copyright Fee: GBP18.00$c0$e01-jan-2006$fGBP18.00$g0$hC$5Uk
=ACF  \\$aPrevious Copyright Fee: GBP18.00$c0$e01-oct-2005$fGBP18.00$g0$hC$5Uk
=ACF  \\$aPrevious Copyright Fee: GBP18.00$c0$e01-jul-2005$fGBP18.00$g0$hC$5Uk
=ACF  \\$aPrevious Copyright Fee: GBP18.00$c0$e01-apr-2005$fGBP18.00$g0$hC$5Uk
=ACF  \\$aPrevious Copyright Fee: GBP18.00$c0$e01-jan-2005$fGBP18.00$g0$hC$5Uk
=ACF  \\$aPrevious Copyright Fee: GBP15.00$c0$e01-oct-2004$fGBP15.00$g0$hC$5Uk
=ACF  \\$aPrevious copyright fee: GBP15.00$c0$e01-jan-2004$fGBP15.00$g0$hC$5Uk
=ACF  \\$aCurrent copyright fee: GBP13.00$c0$e01-oct-2003$fGBP13.00$g0$hC$5Uk
=ACF  \\$aCurrent copyright fee: GBP5.00$c0$e01-jan-2003$fGBP5.00$g0$hC$5Uk
=ACF  \\$aCurrent copyright fee: GBP20.00$c2\0$e01-jan-2009$fGBP20.00$g0$hP$5Uk
=ACF  \\$aPrevious copyright fee: GBP57.00$c45\0$e10-nov-2009$fGBP57.00$g0$hP$5Uk
=ACF  \\$aPrevious copyright fee: GBP33.00$c45\0$e01-apr-2015$fGBP33.00$g0$hP$5Uk
=ACF  \\$aPrevious copyright fee: GBP34.00$c45\0$e01-jan-2016$fGBP34.00$g0$hP$5Uk
=ACF  \\$aPrevious copyright fee: GBP36.00$c45\0$e01-jan-2017$fGBP36.00$g0$hP$5Uk
=ACF  \\$aPrevious copyright fee: GBP38.00$c45\0$e01-jan-2018$fGBP38.00$g0$hP$5Uk
=ACF  \\$aPrevious copyright fee: GBP40.00$c45\0$e01-jan-2019$fGBP40.00$g0$hP$5Uk
=ACF  \\$aPrevious copyright fee: GBP44.00$c45\0$e26-jan-2021$fGBP44.00$g0$hP$5Uk
=CAT  \\$aWR09-126
=CAT  \\$a5997$b40$c20130521$lBLL01$h0744
=CAT  \\$a11205$b40$c20131015$lBLL01$h1048
=CAT  \\$a11313$b40$c20131023$lBLL01$h0902
=CAT  \\$aWR14_140$c20140905$lBLL01$h1722
=CAT  \\$aBLDSS-3PM$b00$c20141121$lBLL01$h1801
=CAT  \\$a5552$b40$c20150209$lBLL01$h1435
=CAT  \\$aIPL-CLA$c20150331$lBLL01$h1615
=CAT  \\$aBATCH-UPD$b00$c20151119$lBLL01$h1559
=CAT  \\$aIPL-CLA$c20151231$lBLL01$h1906
=CAT  \\$aBATCH-UPD$b00$c20160413$lBLL01$h1802
=CAT  \\$aBATCH-UPD$b00$c20160524$lBLL01$h2148
=CAT  \\$aBATCH-UPD$b00$c20160524$lBLL01$h2154
=CAT  \\$aBATCH-UPD$b00$c20161122$lBLL01$h1537
=CAT  \\$aIPL-CLA$c20161230$lBLL01$h1811
=CAT  \\$a5997$b40$c20170201$lBLL01$h0813
=CAT  \\$aBATCH-UPD$b40$c20171121$lBLL01$h1717
=CAT  \\$aIPL-CLA$c20171231$lBLL01$h1347
=CAT  \\$aBATCH-UPD$b00$c20181217$lBLL01$h1704
=CAT  \\$aIPL-CLA$c20181231$lBLL01$h1533
=CAT  \\$aBATCH-UPD$b00$c20210126$lBLL01$h1322
=CAT  \\$aIPL-CLA$c20210126$lBLL01$h1446
=CAT  \\$aBATCH-UPD$b00$c20221121$lBLL01$h1422
=CAT  \\$aIPL-CLA$c20221231$lBLL01$h1433
=CAT  \\$aR2308-1440$c20230824$lBLL01$h0925
=CAT  \\$aIPL-CLA$c20230930$lBLL01$h0801
=CFI  0\$aCurrent copyright fee: GBP46.00$c2\0$e01-oct-2023$fGBP46.00$g0$hP$5Uk
=CFI  2\$aPrevious copyright fee: GBP46.00$c45\0$e01-jan-2023$fGBP46.00$g0$hP$5Uk
=FFP  \\$aY$bBLDSS-3PM
=FIN  \\$aY
=FMT  \\$a  SE
=LAS  \\$aIPL-CLA$b00$c20230930$lBLL01$h0801
=LEO  \\$aMP5.0000781183
=LEO  \\$aMP10.0000320776
=LEO  \\$aMP22.0000028300
=LEO  \\$aMP25.0000252437
=LKR  \\$aPAR$b013357563$lBLL01$nJournal of dermatological treatment (Online)$mJournal of dermatological treatment (Print)$r776
=SRC  \\$aBNB03$bbibmp5.200404.2.ab
=SRC  \\$aDSS01$bbibmp10.200404.2.aa
=SRC  \\$aISN01$bbibmp22.200404.2.aa
=SRC  \\$aSRI01$bbibmp25.200404.2.aa
=TCO  \\$aCLA$bCLA$c008
=TOC  \\$aETOC

