=LDR  05677cas a2201357 a 4500
=001  007739367
=003  Uk
=005  20211231153534.0
=007  ta
=008  890620d19892009ne\mr\p\\\\\\\0\\\a0eng\\
=015  \\$aGB8959429$2bnb
=019  y\$ab8959429
=019  9\$ab8959429
=019  c\$a2388158
=019  0\$as095984011
=022  0\$a0953-7562
=039  0\$a2068
=040  \\$aUk$cUk$dUk
=050  00$aQK603
=082  04$a579.5$221
=084  \\$aDA 00$2blsrissc
=210  0\$aMycol. res.$b(Print)
=222  \0$aMycological research$b(Print)
=245  00$aMycological research.
=260  \\$aCambridge :$bCambridge University Press,$c1989-2009.
=260  3\$32006-2009.$aAmsterdam :$bElsevier
=300  \\$av. :$bill. ;$c30 cm.
=310  \\$aMonthly,$b1991-
=321  \\$aEight no. a year,$b1989-1990
=336  \\$atext$2rdacontent
=337  \\$aunmediated$2rdamedia
=338  \\$avolume$2rdacarrier
=362  0\$aVol. 92, pt. 1 (Jan. 1989)-v. 113, issue 12 (Dec. 2009).
=500  \\$aOfficial journal of the British Mycological Society.
=510  2\$aChemical abstracts$x0009-2258
=520  \\$a"An international journal of fungal biology."
=530  \\$aAlso issued online.
=540  \\$aCurrent copyright fee: GBP34.30$c5\1$5Uk
=550  \\$a"A FEMS journal."
=550  \\$aIssued by: British Mycological Society.
=595  \\$aFormerly 8908.000000 up to v. 91 (1988).
=650  \0$aMycology$vPeriodicals.
=650  \0$aFungi$vPeriodicals.
=710  2\$aBritish Mycological Society.
=710  2\$aFederation of European Microbiological Societies.
=776  0\$tMycological research (Online)$x1469-8102
=780  00$tTransactions of the British Mycological Society$x0007-1536
=785  00$tFungal biology$x1878-6146
=852  41$aBritish Library$bDSC$j5994.100000$3Vol. 92 (1989)-v. 113, issue 12 (Dec. 2009)***UKRR Retained Title
=852  71$aBritish Library$bSTI$k(P)$hDA 00$m-E(2)$2blsrissc$3Vol. 92 (1989)-v. 113, issue 12 (2009)
=856  \\$31850-9999$uhttp://www.elsevier.com/journals$xBLDSS
=945  \\$aMycological research.
=959  \\$fHeld but not currently received
=963  \\$aVol. 92 (1989)-$bY$cP370.B.195
=985  \\$aRecord merged by DQ team
=985  \\$aISSN responsibility, transferred to ISSN Netherlands 23/11/07
=A02  \\$a2388158
=ACF  \\$aPrevious copyright fee: GBP19.00$c5\3$e01-jan-2008$fGBP19.00$g0$hP$5Uk
=ACF  \\$aPrevious Copyright Fee: GBP18.00$c5\3$e29-mar-2006$fGBP18.00$g0$hP$5Uk
=ACF  \\$aPrevious Copyright Fee: GBP5.00$c0$e01-jan-2006$fGBP5.00$g0$hC$5Uk
=ACF  \\$aPrevious Copyright Fee: GBP5.00$c0$e01-oct-2005$fGBP5.00$g0$hC$5Uk
=ACF  \\$aPrevious Copyright Fee: GBP5.00$c0$e01-jul-2005$fGBP5.00$g0$hC$5Uk
=ACF  \\$aPrevious Copyright Fee: GBP5.00$c0$e01-apr-2005$fGBP5.00$g0$hC$5Uk
=ACF  \\$aPrevious Copyright Fee: GBP5.00$c0$e01-jan-2005$fGBP5.00$g0$hC$5Uk
=ACF  \\$aPrevious Copyright Fee: GBP5.00$c0$e01-oct-2004$fGBP5.00$g0$hC$5Uk
=ACF  \\$aPrevious copyright fee: GBP5.00$c0$e01-jul-2002$fGBP5.00$g0$hC$5Uk
=ACF  \\$aCurrent copyright fee: GBP6.00$c0$e01-jul-2001$fGBP6.00$g0$hC$5Uk
=ACF  \\$aCurrent copyright fee: GBP8.35$c0$e01-jul-2000$fGBP8.35$g0$hC$5Uk
=ACF  \\$aPrevious copyright fee: GBP20.00$c5\1$e01-jan-2009$fGBP20.00$g0$hP$5Uk
=ACF  \\$aPrevious copyright fee: GBP21.00$c5\1$e01-jan-2012$fGBP21.00$g0$hP$5Uk
=ACF  \\$aPrevious copyright fee: GBP22.50$c5\1$e01-jan-2013$fGBP22.50$g0$hP$5Uk
=ACF  \\$aPrevious copyright fee: GBP23.40$c5\1$e01-jan-2018$fGBP23.40$g0$hP$5Uk
=CAT  \\$aCONV$b00$c20040425$lBLL90$h0554
=CAT  \\$aBATCH$b00$c20091216$lBLL01$h0050
=CAT  \\$a8464$b40$c20100121$lBLL01$h0805
=CAT  \\$a5997$b40$c20100330$lBLL01$h1443
=CAT  \\$a5997$b40$c20100915$lBLL01$h1120
=CAT  \\$aWR11_155$c20111021$lBLL01$h1322
=CAT  \\$a12500$b40$c20111110$lBLL01$h0911
=CAT  \\$aWR11_155$c20111114$lBLL01$h1644
=CAT  \\$aBATCH-UPD$b00$c20111123$lBLL01$h1849
=CAT  \\$aIPL-CLA$c20111230$lBLL01$h1704
=CAT  \\$aBATCH-CLA$b00$c20121103$lBLL01$h1023
=CAT  \\$aBATCH-UPD$b00$c20121121$lBLL01$h1652
=CAT  \\$aWR12_168$c20121206$lBLL01$h1834
=CAT  \\$aIPL-CLA$c20121231$lBLL01$h1244
=CAT  \\$aIPL-CLA$c20130102$lBLL01$h1645
=CAT  \\$aWR13.005$c20130323$lBLL01$h1517
=CAT  \\$aWR14_140$c20140905$lBLL01$h1722
=CAT  \\$aBLDSS-3PM$b00$c20141222$lBLL01$h1709
=CAT  \\$aBATCH-UPD$b00$c20160413$lBLL01$h1802
=CAT  \\$aBATCH-UPD$b00$c20170304$lBLL01$h1025
=CAT  \\$aBATCH-UPD$b00$c20171121$lBLL01$h1737
=CAT  \\$aIPL-CLA$c20171231$lBLL01$h1347
=CAT  \\$aBATCH-UPD$b00$c20190521$lBLL01$h1430
=CAT  \\$aIPL-CLA$c20190630$lBLL01$h1525
=CAT  \\$aBATCH-UPD$b00$c20211119$lBLL01$h1548
=CAT  \\$aIPL-CLA$c20211231$lBLL01$h1535
=CFI  0\$aCurrent copyright fee: GBP34.30$c5\1$e01-jan-2022$fGBP34.30$g0$hP$5Uk
=CFI  2\$aPrevious copyright fee: GBP32.84$c5\1$e01-jul-2019$fGBP32.84$g0$hP$5Uk
=EST  \\$a2
=FFP  \\$aY$bBLDSS-3PM
=FIN  \\$aY
=FMT  \\$a  SE
=LAS  \\$aIPL-CLA$b00$c20211231$lBLL01$h1535
=LEO  \\$aMP5.0000782269
=LEO  \\$aMP10.0000388299
=LEO  \\$aMP22.0000027483
=LEO  \\$aMP25.0000014554
=LKR  \\$aPAR$b011140538$lBLL01$r78000$mMycological research (Print)$nTransactions of the British Mycological Society
=SRC  \\$aBNB03$bbibmp5.200404.2.ab
=SRC  \\$aDSS01$bbibmp10.200404.2.aa
=SRC  \\$aISN01$bbibmp22.200404.2.aa
=SRC  \\$aSRI01$bbibmp25.200404.2.aa
=TCO  \\$aNLD$bSTICHTING REPRORECHT$c008
=TOC  \\$aETOC

