=LDR  04538cas a2201165 a 4500
=001  007740023
=003  Uk
=005  20200331160340.0
=007  ta
=008  891017c19899999enkmr\p\\\\\\\0\\\a0eng\\
=015  \\$aGB9035259$2bnb
=019  y\$ab9035259
=019  9\$ab9035259
=019  c\$a2406761
=019  0\$as565978004
=022  \\$a0956-666X
=039  0\$a2093
=040  \\$aUk$cUk$dUk
=050  00$aQP751
=082  04$a547.77$220
=084  \\$aJX 50$2blsrissc
=210  0\$aLipid technol.
=222  \0$aLipid technology
=245  00$aLipid technology.
=260  \\$a[Bridgwater] :$bP. J. Barnes & Associates,$c1989-
=260  2\$aHigh Wycombe :$bP.J. Barnes & Associates
=260  3\$32007-$aWienheim :$bWiley-VCH
=300  \\$av.
=310  \\$aMonthly
=336  \\$atext$2rdacontent
=337  \\$aunmediated$2rdamedia
=338  \\$avolume$2rdacarrier
=362  0\$aVol. 1, no. 1 (July 1989)-
=500  \\$aLatest issue consulted: Vol. 19, no. 1 (Jan. 2007).
=540  \\$aCurrent copyright fee: GBP32.00$c35\0$5Uk
=595  \\$aAbsorbs 5221.798000 see also Serial Records IFR.
=650  \0$aLipids$vPeriodicals.
=650  \0$aOils and fats$vPeriodicals.
=650  \0$aOil industries$vPeriodicals.
=776  08$iAlso issued online as:$tLipid technology (Online)$x1863-5377
=780  05$tLipid technology newsletter$x1357-7166
=852  41$aBritish Library$bDSC$j5221.797000$3Vol. 1, no. 1 (1989)-v. 21, no. 11/12 (2009)***UKRR Retained Title***Stock Incomplete.
=852  71$aBritish Library$bSTI$k(P)$hJX 50$m-E(5)$2blsrissc$31989-1995; Vol.1-vol.7,no.2.
=856  \\$31850-9999$uhttp://onlinelibrary.wiley.com/$xBLDSS
=945  \\$aLipid technology
=959  \\$fHeld but not currently received
=963  \\$aVol. 3 (1991)-$bN$cL379.B.438
=985  \\$aISSN UK Centre - ISSN responsibility taken by ISSN Germany 4//4/07
=A02  \\$a2406761
=ACF  \\$aPrevious Copyright Fee: GBP17.00$c0$e01-apr-2007$fGBP17.00$g0$hC$5Uk
=ACF  \\$aPrevious copyright fee: GBP60.00$c0$e01-jul-2002$fGBP60.00$g0$hC$5Uk
=ACF  \\$aCurrent copyright fee: GBP10.00$c0$e01-apr-1997$fGBP10.00$g0$hC$5Uk
=ACF  \\$aPrevious Copyright Fee: GBP22.60$c0$e01-apr-2011$fGBP22.60$g0$hC$5Uk
=ACF  \\$aPrevious copyright fee: GBP22.00$c35\0$e05-sep-2011$fGBP22.00$g0$hP$5Uk
=ACF  \\$aPrevious copyright fee: GBP24.00$c35\0$e01-mar-2015$fGBP24.00$g0$hP$5Uk
=CAT  \\$aWR09-126
=CAT  \\$aBATCH-UPD$b00$c20101220$lBLL01$h1248
=CAT  \\$aIPL-CLA$c20101231$lBLL01$h1200
=CAT  \\$aBATCH-CLA$b00$c20110228$lBLL01$h1533
=CAT  \\$aIPL-CLA$c20110331$lBLL01$h1428
=CAT  \\$aBATCH-CLA$b00$c20110531$lBLL01$h1629
=CAT  \\$aIPL-CLA$c20110630$lBLL01$h1509
=CAT  \\$aBATCH-CLA$b00$c20110831$lBLL01$h1749
=CAT  \\$a12500$b40$c20110905$lBLL01$h1159
=CAT  \\$a12500$b40$c20110905$lBLL01$h1201
=CAT  \\$a8323$b40$c20111004$lBLL01$h0825
=CAT  \\$aBATCH-UPD$b40$c20120614$lBLL01$h2144
=CAT  \\$aBATCH-CLA$b00$c20121103$lBLL01$h1023
=CAT  \\$aWR13.005$c20130323$lBLL01$h1517
=CAT  \\$aBATCH-CLA$b00$c20140125$lBLL01$h1322
=CAT  \\$aBATCH-CLA$c20140225$lBLL01$h2313
=CAT  \\$a5997$b40$c20140331$lBLL01$h1000
=CAT  \\$aBLDSS-3PM$b00$c20141214$lBLL01$h1518
=CAT  \\$aBATCH-UPD$b00$c20150215$lBLL01$h1651
=CAT  \\$aIPL-CLA$c20150228$lBLL01$h2041
=CAT  \\$aBATCH-UPD$b00$c20180219$lBLL01$h1739
=CAT  \\$aBATCH-UPD$b00$c20180219$lBLL01$h1834
=CAT  \\$aBATCH-UPD$b00$c20181121$lBLL01$h1618
=CAT  \\$aIPL-CLA$c20181231$lBLL01$h1533
=CAT  \\$aBATCH-UPD$b00$c20200219$lBLL01$h1539
=CAT  \\$aIPL-CLA$c20200331$lBLL01$h1603
=CFI  0\$aCurrent copyright fee: GBP32.00$c35\0$e01-apr-2020$fGBP32.00$g0$hP$5Uk
=CFI  2\$aPrevious copyright fee: GBP28.00$c35\0$e01-jan-2019$fGBP28.00$g0$hP$5Uk
=FFP  \\$aY$bBLDSS-3PM
=FIN  \\$aY
=FMT  \\$a  SE
=LAS  \\$aIPL-CLA$b00$c20200331$lBLL01$h1603
=LEO  \\$aMP5.0000785699
=LEO  \\$aMP10.0000346539
=LEO  \\$aMP22.0000030042
=LEO  \\$aMP25.0000256755
=LKR  \\$aPAR$b015883238$lBLL01$nLipid technology (Online)$mLipid technology (Print)$r776
=LKR  \\$aPAR$b009083454$lBLL01$r78005$mLipid technology$nLipid technology newsletter
=SRC  \\$aBNB03$bbibmp5.200404.2.ab
=SRC  \\$aDSS01$bbibmp10.200404.2.aa
=SRC  \\$aISN01$bbibmp22.200404.2.aa
=SRC  \\$aSRI01$bbibmp25.200404.2.aa
=TCO  \\$aCLA$bCLA$c008
=TOC  \\$aETOC
=UNO  \\$aY

