=LDR  06386cas a22014057a 4500
=001  007740260
=003  Uk
=005  20230524124338.0
=007  ta
=008  900918d19902020enkmr\p\\\\\\\0\\\a0eng\\
=015  \\$aGB9045139$2bnb
=019  y\$ab9045139
=019  9\$ab9045139
=019  c\$a2406671
=019  0\$as568422007
=022  0\$a0957-4530$202
=039  0\$a2105
=040  \\$aUk$cUk
=050  00$aR857.M3
=082  04$a610.28$221
=084  \\$aH 65$2blsrissc
=210  0\$aJ. mater. sci., Mater. med.
=222  \0$aJournal of materials science. Materials in medicine
=245  00$aJournal of materials science.$pMaterials in medicine.
=246  30$aMaterials in medicine
=260  \\$bChapman and Hall,$c1990-.
=300  \\$av. :$bill. ;$c30 cm.
=310  \\$aMonthly
=321  \\$aQuarterly
=336  \\$atext$2rdacontent
=337  \\$aunmediated$2rdamedia
=338  \\$avolume$2rdacarrier
=362  0\$aVol. 1, no. 1 (June 1990)-
=362  1\$aCeased in 2020.
=540  \\$aCurrent copyright fee: zero$c22\1$5Uk
=597  \\$aEnhanced$bSRIS DDC
=650  \0$aBiomedical materials.
=772  0\$tJournal of materials science$x0022-2461
=776  08$iContinued online:$tJournal of materials science. Materials in medicine (Dordrecht. Online)$x1573-4838
=852  41$aBritish Library$bDSC$j5012.258000$3Vol. 1, no. 1 (1990)-v. 21, no. 12 (2010)***UKRR Retained Title
=852  41$aBritish Library$bHMNTS$jDZK.9.x.138$3Vol. 12, no. 1 (Jan. 2001)-
=852  71$aBritish Library$bSTI$k(P)$hH 65$m-E(12)$2blsrissc$3Vol. 1 (1990)-v. 11, no. 12 (Dec. 2000).
=856  \\$31850-9999$uhttp://www.springer.com/gb/$xBLDSS
=945  \\$aJournal of materials science materials in medicine
=959  \\$fHeld but not currently received
=963  \\$aVol. 1 (1990)-$bY$cP328.B.158
=985  \\$aCorrected by BSS-generated file
=985  \\$aISSN UK Centre: information from Springer, ceased in print at end of 2020. No recent issues available to update publishing information (published by Kluwer then Springer?) or transfer responsibility so updated to close Portal record.
=A02  \\$a2406671
=ACF  \\$aPrevious copyright fee: GBP28.54$c4\5$e01-apr-2018$fGBP28.54$g0$hP$5Uk
=ACF  \\$aPrevious copyright fee: GBP21.25$c4\5$e01-jan-2009$fGBP21.25$g0$hP$5Uk
=ACF  \\$aPrevious copyright fee: GBP16.75$c4\5$e01-jan-2007$fGBP16.75$g0$hP$5Uk
=ACF  \\$aPrevious copyright fee: GBP16.22$c4\5$e01-oct-2006$fGBP16.22$g0$hP$5Uk
=ACF  \\$aPrevious copyright fee: GBP17.14$c4\5$e01-apr-2006$fGBP17.14$g0$hP$5Uk
=ACF  \\$aPrevious copyright fee: GBP16.67$c4\5$e01-jan-2006$fGBP16.67$g0$hP$5Uk
=ACF  \\$aPrevious copyright fee: GBP16.22$c4\5$e01-apr-2005$fGBP16.22$g0$hP$5Uk
=ACF  \\$aPrevious copyright fee: GBP16.67$c4\5$e01-jan-2005$fGBP16.67$g0$hP$5Uk
=ACF  \\$aPrevious copyright fee: GBP13.51$c4\5$e01-apr-2004$fGBP13.51$g0$hP$5Uk
=ACF  \\$aCurrent copyright fee: GBP14.71$c4\5$e01-jan-2004$fGBP14.71$g0$hP$5Uk
=ACF  \\$aCurrent copyright fee: GBP15.63$c4\5$e01-jan-2003$fGBP15.63$g0$hP$5Uk
=ACF  \\$aPrevious copyright fee: GBP22.00$c4\5$e01-apr-2009$fGBP22.00$g0$hP$5Uk
=ACF  \\$aPrevious copyright fee: GBP22.00$c4\5$e12-aug-2012$fGBP22.00$g0$hP$5Uk
=ACF  \\$aPrevious copyright fee: GBP25.00$c4\5$e01-jan-2013$fGBP25.00$g0$hP$5Uk
=ACF  \\$aPrevious copyright fee: GBP25.77$c4\5$e01-jul-2013$fGBP25.77$g0$hP$5Uk
=ACF  \\$aPrevious copyright fee: GBP24.97$c4\5$e01-jan-2014$fGBP24.97$g0$hP$5Uk
=ACF  \\$aPrevious copyright fee: GBP24.21$c4\5$e01-jul-2014$fGBP24.21$g0$hP$5Uk
=ACF  \\$aPrevious copyright fee: GBP25.77$c4\5$e01-apr-2015$fGBP25.77$g0$hP$5Uk
=ACF  \\$aPrevious copyright fee: GBP26.63$c4\5$e01-jul-2015$fGBP26.63$g0$hP$5Uk
=ACF  \\$aPrevious copyright fee: GBP25.77$c4\5$e01-oct-2015$fGBP25.77$g0$hP$5Uk
=ACF  \\$aPrevious copyright fee: GBP27.55$c4\5$e01-apr-2016$fGBP27.55$g0$hP$5Uk
=ACF  \\$aPrevious copyright fee: GBP29.59$c4\5$e01-oct-2016$fGBP29.59$g0$hP$5Uk
=ACF  \\$aPrevious copyright fee: GBP31.96$c4\5$e01-apr-2017$fGBP31.96$g0$hP$5Uk
=ACF  \\$aPrevious copyright fee: GBP30.73$c4\5$e01-oct-2017$fGBP30.73$g0$hP$5Uk
=CAT  \\$aWR09-126
=CAT  \\$aBATCH-CLA$c20140528$lBLL01$h1724
=CAT  \\$aIPL-CLA$c20140630$lBLL01$h1656
=CAT  \\$aWR14_140$c20140905$lBLL01$h1722
=CAT  \\$aBLDSS-3PM$b00$c20150103$lBLL01$h1040
=CAT  \\$aBATCH-UPD$b00$c20150219$lBLL01$h1940
=CAT  \\$aIPL-CLA$c20150331$lBLL01$h1615
=CAT  \\$aBATCH-UPD$b00$c20150520$lBLL01$h1932
=CAT  \\$aIPL-CLA$c20150630$lBLL01$h1632
=CAT  \\$aBATCH-UPD$b00$c20150820$lBLL01$h2002
=CAT  \\$aIPL-CLA$c20150930$lBLL01$h1742
=CAT  \\$aBATCH-UPD$b00$c20160217$lBLL01$h1900
=CAT  \\$aIPL-CLA$c20160331$lBLL01$h1659
=CAT  \\$aBATCH-UPD$b00$c20160524$lBLL01$h2154
=CAT  \\$aBATCH-UPD$b00$c20160524$lBLL01$h2227
=CAT  \\$aBATCH-UPD$b00$c20160824$lBLL01$h1921
=CAT  \\$aIPL-CLA$c20160930$lBLL01$h1544
=CAT  \\$aBATCH-UPD$b00$c20170216$lBLL01$h2008
=CAT  \\$aIPL-CLA$c20170331$lBLL01$h1828
=CAT  \\$aBATCH-UPD$b00$c20170904$lBLL01$h2040
=CAT  \\$aIPL-CLA$c20170929$lBLL01$h1710
=CAT  \\$aBATCH-UPD$b00$c20180223$lBLL01$h1937
=CAT  \\$aIPL-CLA$c20180331$lBLL01$h1557
=CAT  \\$aBATCH-UPD$b00$c20180524$lBLL01$h1812
=CAT  \\$aIPL-CLA$c20180630$lBLL01$h1908
=CAT  \\$a12654$b40$c20210622$lBLL01$h0721
=CAT  \\$aBATCH-FIX$c20230511$lBLL01$h1625
=CAT  \\$a10973$b40$c20230524$lBLL01$h1243
=CFI  0\$aCurrent copyright fee: zero$c22\1$e22-jun-2021$fGBP0.00$g0$hP$5Uk
=CFI  2\$aPrevious copyright fee: GBP34.00$c22\1$e01-jul-2018$fGBP34.00$g0$hP$5Uk
=EST  \\$a2
=FFP  \\$aY$bBLDSS-3PM
=FIN  \\$aY
=FMT  \\$a  SE
=LAS  \\$a10973$b40$c20230524$lBLL01$h1243
=LEO  \\$aMP5.0000786564
=LEO  \\$aMP10.0000323367
=LEO  \\$aMP22.0000030744
=LEO  \\$aMP25.0000259130
=LKR  \\$aPAR$b012758168$lBLL01$r772$mJournal of materials science. Materials in medicine$nJournal of materials science
=SRC  \\$aBNB03$bbibmp5.200404.2.ab
=SRC  \\$aDSS01$bbibmp10.200404.2.aa
=SRC  \\$aISN01$bbibmp22.200404.2.aa
=SRC  \\$aSRI01$bbibmp25.200404.2.aa
=TCO  \\$aCLA$bCLA$c008
=TOC  \\$aETOC
=UNO  \\$aY

