=LDR  04467cas a2201129 a 4500
=001  007740709
=003  Uk
=005  20230511162557.0
=007  ta
=008  910426d19902010enkmr\p\\\\\\\0\\\a0eng\\
=015  \\$aGB9114463$2bnb
=019  y\$ab9114463
=019  9\$ab9114463
=019  c\$a2426939
=019  0\$as573275009
=022  \\$a0958-2118
=039  0\$a2135
=040  \\$aUk$cUk$dUk
=082  04$a530.4275$221
=084  \\$aLB 20$2blsrissc
=210  0\$aMembr. technol.
=222  \0$aMembrane technology
=245  00$aMembrane technology.
=260  \\$aOxford :$bScientific and Technical Information,$c1990-2010
=300  \\$av. ;$c30 cm
=310  \\$aMonthly
=336  \\$atext$2rdacontent
=337  \\$aunmediated$2rdamedia
=338  \\$avolume$2rdacarrier
=362  0\$aNo. 1 (May 1990)-
=540  \\$aCurrent copyright fee: GBP20.00$c97\0$5Uk
=595  \\$aSEE ALSO CARD INDEX.
=650  \0$aMembranes (Technology)$vPeriodicals.
=776  08$iAlso issued online as:$tMembrane technology (Online)$x1873-4049
=852  41$aBritish Library$bDSC$j5548.026600$3No. 3 (1990); no. 10 (1991)-(2009)
=852  41$aBritish Library$bHMNTS$jDZK.9.x.208$3No. 129 (Jan. 2001)- December (2010)
=852  71$aBritish Library$bSTI$k(P)$hLB 20$m-E(5)$2blsrissc$3No. 3 (1990)-no. 128 (2000)
=856  \\$31850-9999$uhttp://www.elsevier.com/journals$xBLDSS
=945  \\$aMEMBRANE TECHNOLOGY.
=959  \\$fHeld but not currently received
=963  \\$aNO. 7, 1990- *A=1$bN$cL379.B.411
=985  \\$aISSN responsibility transfer from NE pending. This closed print record will be sent to Portal when transfer complete (Richard, 04/01/22)
=A02  \\$a2426939
=ACF  \\$aPrevious copyright fee: GBP32.84$c5\1$e01-jul-2019$fGBP32.84$g0$hP$5Uk
=ACF  \\$aPrevious copyright fee: GBP19.00$c5\5$e01-jan-2008$fGBP19.00$g0$hP$5Uk
=ACF  \\$aPrevious copyright fee: GBP18.00$c5\5$e01-apr-2004$fGBP18.00$g0$hP$5Uk
=ACF  \\$aCurrent copyright fee: GBP20.00$c5\5$e01-jan-2003$fGBP20.00$g0$hP$5Uk
=ACF  \\$aCurrent copyright fee: GBP15.00$c5\5$e01-jul-2002$fGBP15.00$g0$hP$5Uk
=ACF  \\$aPrevious copyright fee: GBP20.00$c5\1$e01-jan-2009$fGBP20.00$g0$hP$5Uk
=ACF  \\$aPrevious copyright fee: GBP21.00$c5\1$e01-jan-2012$fGBP21.00$g0$hP$5Uk
=ACF  \\$aPrevious copyright fee: GBP22.50$c5\1$e01-jan-2013$fGBP22.50$g0$hP$5Uk
=ACF  \\$aPrevious copyright fee: GBP23.40$c5\1$e01-jan-2018$fGBP23.40$g0$hP$5Uk
=CAT  \\$aCONV$b00$c20040425$lBLL90$h0554
=CAT  \\$a7332$b40$c20110401$lBLL01$h1304
=CAT  \\$aWR11_155$c20111021$lBLL01$h1324
=CAT  \\$aWR11_155$c20111114$lBLL01$h1645
=CAT  \\$aBATCH-UPD$b00$c20111123$lBLL01$h1849
=CAT  \\$aIPL-CLA$c20111230$lBLL01$h1704
=CAT  \\$aBATCH-CLA$b00$c20121103$lBLL01$h1023
=CAT  \\$aBATCH-UPD$b00$c20121121$lBLL01$h1652
=CAT  \\$aIPL-CLA$c20121231$lBLL01$h1244
=CAT  \\$aIPL-CLA$c20130102$lBLL01$h1645
=CAT  \\$aWR13.005$c20130323$lBLL01$h1517
=CAT  \\$a7778$b40$c20140422$lBLL01$h1117
=CAT  \\$aWR14_140$c20140905$lBLL01$h1722
=CAT  \\$aBLDSS-3PM$b00$c20141222$lBLL01$h1709
=CAT  \\$a11316$b40$c20150402$lBLL01$h0917
=CAT  \\$a7778$b40$c20160118$lBLL01$h1329
=CAT  \\$a7778$b40$c20161011$lBLL01$h1205
=CAT  \\$aBATCH-UPD$b40$c20171121$lBLL01$h1737
=CAT  \\$aIPL-CLA$c20171231$lBLL01$h1347
=CAT  \\$aBATCH-UPD$b00$c20190521$lBLL01$h1430
=CAT  \\$aIPL-CLA$c20190630$lBLL01$h1525
=CAT  \\$aBATCH-UPD$b00$c20211119$lBLL01$h1548
=CAT  \\$aIPL-CLA$c20211231$lBLL01$h1535
=CAT  \\$a10806$b40$c20220106$lBLL01$h1335
=CAT  \\$a12654$b40$c20221201$lBLL01$h0729
=CAT  \\$aBATCH-UNOA$c20221207$lBLL01$h0053
=CAT  \\$aBATCH-FIX$c20230511$lBLL01$h1625
=CFI  0\$aCurrent copyright fee: GBP20.00$c97\0$e01-dec-2022$fGBP20.00$g0$hP$5Uk
=CFI  2\$aPrevious copyright fee: GBP34.30$c5\1$e01-jan-2022$fGBP34.30$g0$hP$5Uk
=EST  \\$a2
=FFP  \\$aY$bBLDSS-3PM
=FIN  \\$aY
=FMT  \\$a  SE
=LAS  \\$aBATCH-FIX$b00$c20230511$lBLL01$h1625
=LEO  \\$aMP5.0000788647
=LEO  \\$aMP10.0000366567
=LEO  \\$aMP22.0000031407
=LEO  \\$aMP25.0000264127
=SRC  \\$aBNB03$bbibmp5.200404.2.ab
=SRC  \\$aDSS01$bbibmp10.200404.2.aa
=SRC  \\$aISN01$bbibmp22.200404.2.aa
=SRC  \\$aSRI01$bbibmp25.200404.2.aa
=TCO  \\$aCLA$bCLA$c008
=TOC  \\$aETOC
=UNO  \\$aY

