=LDR  04217 as a2201081 a 4500
=001  007740867
=003  Uk
=005  20191231171950.0
=007  ta
=008  910426c19909999enkbr\p\\\\\\\0\\\a0eng\\
=015  \\$aGB9118554$2bnb
=019  y\$ab9118554
=019  9\$ab9118554
=019  c\$a2414681
=019  0\$as571232000
=022  0\$a0958-0344
=039  0\$a2150
=040  \\$aUk$cUk$dUk
=082  04$a581.19205$220
=084  \\$aJG 34$2blsrissc
=210  0\$aPhytochem. anal.
=222  \0$aPhytochemical analysis
=245  00$aPhytochemical analysis :$bPCA.
=246  3\$aPCA
=260  \\$aChichester, Sussex, UK :$bWiley,$c1990-
=300  \\$av. :$bill. ;$c30 cm.
=310  \\$aBi-monthly
=336  \\$atext$2rdacontent
=337  \\$aunmediated$2rdamedia
=338  \\$avolume$2rdacarrier
=362  0\$aVol. 1, no. 1 (Sept. 1990)-
=540  \\$aCurrent Copyright Fee: GBP39.00$c35\0$5Uk
=650  \0$aPlants$xAnalysis$vPeriodicals.
=776  0\$tPhytochemical analysis (Online)$x1099-1565
=852  41$aBritish Library$bDSC$j6489.695000$3Vol. 1, no. 1 (1990)-v. 16, no. 6 (2005)***UKRR Retained Title
=852  71$aBritish Library$bSTI$k(P)$hJG 34$m-E(4)$2blsrissc$3Vol. 1 (1990)-v. 24, no. 3 (2013); Deficient: Vol.2, no.1-2, 1991***title now taken as electronic copy only
=856  \\$31850-9999$uhttp://onlinelibrary.wiley.com/$xBLDSS
=945  \\$aPHYTOCHEMICAL ANALYSIS.
=959  \\$fHeld but not currently received
=963  \\$aVOL. 1, 1990-$bN$cP370.B.205
=985  \\$aISSN responsibility taken by US ISSN Centre.
=A02  \\$a2414681
=ACF  \\$aPrevious Copyright Fee: GBP20.00$c0$e01-jan-2005$fGBP20.00$g0$hC$5Uk
=ACF  \\$aPrevious Copyright Fee: GBP20.00$c0$e01-oct-2004$fGBP20.00$g0$hC$5Uk
=ACF  \\$aPrevious copyright fee: GBP20.00$c0$e01-oct-2001$fGBP20.00$g0$hC$5Uk
=ACF  \\$aCurrent copyright fee: GBP12.00$c0$e01-apr-1997$fGBP12.00$g0$hC$5Uk
=ACF  \\$aPrevious Copyright Fee: GBP17.00$c35\0$e01-apr-2005$fGBP17.00$g0$hP$5Uk
=ACF  \\$aPrevious copyright fee: GBP22.00$c35\0$e01-jan-2011$fGBP22.00$g0$hP$5Uk
=ACF  \\$aPrevious copyright fee: GBP24.00$c35\0$e01-mar-2015$fGBP24.00$g0$hP$5Uk
=CAT  \\$aWR09-126
=CAT  \\$aBATCH$b00$c20091121$lBLL01$h2129
=CAT  \\$aBATCH$b00$c20091208$lBLL01$h0215
=CAT  \\$aBATCH$b00$c20091214$lBLL01$h0309
=CAT  \\$aBATCH$b00$c20091216$lBLL01$h0050
=CAT  \\$aBATCH-UPD$b00$c20101116$lBLL01$h1333
=CAT  \\$aIPL-CLA$c20101231$lBLL01$h1200
=CAT  \\$a8874$b40$c20110803$lBLL01$h0912
=CAT  \\$aBATCH-UPD$b40$c20120614$lBLL01$h2144
=CAT  \\$aBATCH-CLA$b00$c20121103$lBLL01$h1023
=CAT  \\$aWR12_168$c20121206$lBLL01$h1809
=CAT  \\$aWR13.005$c20130323$lBLL01$h1517
=CAT  \\$aBATCH-CLA$b00$c20140125$lBLL01$h1316
=CAT  \\$aBATCH-CLA$c20140225$lBLL01$h2313
=CAT  \\$aWR14_140$c20140905$lBLL01$h1722
=CAT  \\$aBLDSS-3PM$b00$c20141214$lBLL01$h1518
=CAT  \\$aBATCH-UPD$b00$c20150215$lBLL01$h1651
=CAT  \\$aIPL-CLA$c20150228$lBLL01$h2041
=CAT  \\$aBATCH-UPD$b00$c20160413$lBLL01$h1802
=CAT  \\$aBATCH-UPD$b00$c20170720$lBLL01$h1007
=CAT  \\$aBATCH-UPD$b00$c20180219$lBLL01$h1739
=CAT  \\$aBATCH-UPD$b00$c20181121$lBLL01$h1618
=CAT  \\$aIPL-CLA$c20181231$lBLL01$h1533
=CAT  \\$aR1911-0245$c20191127$lBLL01$h0944
=CAT  \\$aR1911-0245$c20191127$lBLL01$h1044
=CAT  \\$aIPL-CLA$c20191231$lBLL01$h1719
=CFI  0\$aCurrent Copyright Fee: GBP39.00$c35\0$e01-jan-2020$fGBP39.00$g0$hP$5Uk
=CFI  2\$aPrevious copyright fee: GBP28.00$c35\0$e01-jan-2019$fGBP28.00$g0$hP$5Uk
=FFP  \\$aY$bBLDSS-3PM
=FIN  \\$aY
=FMT  \\$a  SE
=LAS  \\$aIPL-CLA$b00$c20191231$lBLL01$h1719
=LEO  \\$aMP5.0000789159
=LEO  \\$aMP10.0000439692
=LEO  \\$aMP22.0000031264
=LEO  \\$aMP25.0000262103
=LKR  \\$aPAR$b013344368$lBLL01$r776$mPhytochemical analysis$nPhytochemical analysis (Online)
=SRC  \\$aBNB03$bbibmp5.200404.2.ab
=SRC  \\$aDSS01$bbibmp10.200404.2.aa
=SRC  \\$aISN01$bbibmp22.200404.2.aa
=SRC  \\$aSRI01$bbibmp25.200404.2.aa
=TCO  \\$aCLA$bCLA$c008
=TOC  \\$aETOC
=UNO  \\$aY

