=LDR  04688cas a2201165 a 4500
=001  007741349
=003  Uk
=005  20221231183235.0
=007  ta
=008  910716d19912010enkau2p\\\\\\\0\\\a0eng\\
=015  \\$aGB9134847$2bnb
=019  y\$ab9134847
=019  9\$ab9134847
=019  c\$a2447347
=019  0\$as113720017
=022  0\$a0960-5053
=039  0\$a2144
=040  \\$aUk$cUk
=082  04$a660.01$221
=084  \\$aLQ 20$2blsrissc
=210  0\$aTheor. chem. eng.
=222  \0$aTheoretical chemical engineering
=245  00$aTheoretical chemical engineering.
=260  \\$aCambridge :$bRoyal Society of Chemistry,$c1991-.
=260  3\$aFrankfurt am Main :$bDECHEMA.
=300  \\$av. ;$c30cm.
=310  \\$aMonthly
=336  \\$atext$2rdacontent
=337  \\$aunmediated$2rdamedia
=338  \\$avolume$2rdacarrier
=362  0\$a(Jan. 1991)-v. 47, issue 6 (2010).
=540  \\$aCurrent Copyright Fee: GBP25.00$c0$5Uk
=580  \\$aContinues: Theoretical chemical engineering abstracts.
=595  \\$aFORMERLY 8814.555.
=597  \\$aEnhanced$bSRIS DDC
=653  1\$aChemical engineering
=710  2\$aRoyal Society of Chemistry (Great Britain)
=730  0\$aTheoretical chemical engineering abstracts,$x0040-5787.
=780  00$tTheoretical chemical engineering abstracts$x0040-5787
=852  71$aBritish Library$bSTI$k(A)$hLQ 20$m-E(1)$2blsrissc$3Vol. 28 (1991)-v. 47, issue 6 (2010)***UKRR-Excluded-Out of Scope
=886  2\$2ukmarc$a910$b20$aChemical Society$xSee also$aRoyal Society of Chemistry$z710
=886  2\$2ukmarc$a910$b20$aRoyal Instititute of Chemistry$xSee also$aRoyal Society of Chemistry$z710
=886  2\$2blmarc$a092$b00$a8814.554700n
=886  2\$2blmarc$a029$b00$as113720009
=945  \\$aTHEORETICAL CHEMICAL ENGINEERING.
=963  \\$aVOL. 28, 1991- *A=1$bY$cP361.B.30
=968  \\$bx
=979  \\$aBritish Library$bDSC$j8814.554700N
=985  \\$aResponsibility for ISSN transferred to Germany 2/07/2004
=A02  \\$a2447347
=ACF  \\$aPrevious copyright fee: GBP5.00$c0$e01-jul-2002$fGBP5.00$g0$hC$5Uk
=ACF  \\$aCurrent copyright fee: GBP4.40$c0$e01-jul-1998$fGBP4.40$g0$hA$5Uk
=ACF  \\$aCurrent copyright fee: GBP4.20$c0$e01-apr-1997$fGBP4.20$g0$hA$5Uk
=ACF  \\$aPrevious copyright fee: GBP10.50$c0$e01-jan-2011$fGBP10.50$g0$hA$5Uk
=ACF  \\$aPrevious copyright fee: GBP12.00$c0$e01-jan-2012$fGBP12.00$g0$hA$5Uk
=ACF  \\$aPrevious Copyright Fee: GBP12.30$c0$e01-jan-2014$fGBP12.30$g0$hA$5Uk
=ACF  \\$aPrevious Copyright Fee: GBP15.00$c0$e01-jan-2017$fGBP15.00$g0$hA$5Uk
=ACF  \\$aPrevious Copyright Fee: GBP17.50$c0$e01-jan-2018$fGBP17.50$g0$hA$5Uk
=ACF  \\$aPrevious Copyright Fee: GBP20.00$c0$e01-jan-2020$fGBP20.00$g0$hA$5Uk
=CAT  \\$aWR09-126
=CAT  \\$aBATCH$b00$c20091121$lBLL01$h2130
=CAT  \\$aBATCH$b00$c20091208$lBLL01$h0215
=CAT  \\$aBATCH$b00$c20091214$lBLL01$h0309
=CAT  \\$aBATCH$b00$c20091216$lBLL01$h0050
=CAT  \\$aBATCH-UPD$b00$c20101201$lBLL01$h1211
=CAT  \\$aIPL-CLA$c20101231$lBLL01$h1200
=CAT  \\$a7792$b40$c20111018$lBLL01$h1441
=CAT  \\$aWR11_203$c20111204$lBLL01$h1257
=CAT  \\$aIPL-CLA$c20111230$lBLL01$h1704
=CAT  \\$aBATCH-CLA$b00$c20121103$lBLL01$h1023
=CAT  \\$aWR13.005$c20130323$lBLL01$h1517
=CAT  \\$aBATCH-CLA$c20131217$lBLL01$h0112
=CAT  \\$aIPL-CLA$c20131231$lBLL01$h1852
=CAT  \\$aWR14_140$c20140905$lBLL01$h1722
=CAT  \\$aBATCH-CLA$b00$c20161222$lBLL01$h1657
=CAT  \\$aIPL-CLA$c20161230$lBLL01$h1812
=CAT  \\$aBATCH-CLA$b00$c20171222$lBLL01$h1952
=CAT  \\$aIPL-CLA$c20171231$lBLL01$h1348
=CAT  \\$aBATCH-CLA$b00$c20191219$lBLL01$h1622
=CAT  \\$aIPL-CLA$c20191231$lBLL01$h1719
=CAT  \\$aR2001-1524$c20200127$lBLL01$h1924
=CAT  \\$aBATCH-CLA$b00$c20201204$lBLL01$h1417
=CAT  \\$aIPL-CLA$c20201231$lBLL01$h1915
=CAT  \\$aBATCH-CLA$b00$c20221221$lBLL01$h1721
=CAT  \\$aIPL-CLA$c20221231$lBLL01$h1832
=CFI  0\$aCurrent Copyright Fee: GBP25.00$c0$e01-jan-2023$fGBP25.00$g0$hA$5Uk
=CFI  2\$aPrevious Copyright Fee: GBP22.50$c0$e01-jan-2021$fGBP22.50$g0$hA$5Uk
=FIN  \\$aY
=FMT  \\$a  SE
=LAS  \\$aIPL-CLA$b00$c20221231$lBLL01$h1832
=LEO  \\$aMP5.0000790717
=LEO  \\$aMP10.0000575763
=LEO  \\$aMP22.0000033286
=LEO  \\$aMP25.0000025095
=SRC  \\$aBNB03$bbibmp5.200404.2.ab
=SRC  \\$aDSS01$bbibmp10.200404.2.aa
=SRC  \\$aISN01$bbibmp22.200404.2.aa
=SRC  \\$aSRI01$bbibmp25.200404.2.aa
=SSD  \\$a50300{dollar}aContinuation of "Theoretical chemical engineering abstracts", q.v
=TCO  \\$aCLA$bCLA$c008

