=LDR  07295cas a2201429 a 4500
=001  007842207
=003  Uk
=005  20230511162559.0
=007  ta
=008  040409c19679999xxuqr\p\\\\\\\0\\\a0eng\\
=019  c\$a2062423
=019  x\$a2351700023
=022  \\$a0012-5962$y1054-2043$y0273-4354
=040  \\$aUk$cUk$dUk
=042  \\$aukblsr
=082  0\$a792.09
=245  04$aThe drama review.
=246  13$aTDR
=260  \\$a[New York, N.Y. :$bSchool of the Arts, New York University],$c1967-
=260  2\$aCambridge, MA :$bMIT Press
=264  31$aNew York, NY :$bCambridge University Press
=300  \\$av. ;$c26 cm.
=310  \\$aQuarterly
=336  \\$atext$2rdacontent
=337  \\$aunmediated$2rdamedia
=338  \\$avolume$2rdacarrier
=362  0\$aVol. 12, no. 1 (Fall 1967)-
=515  \\$aIssue for spring 1968 misnumbered: Vol. 12, no. 3, and T39 (should be v. 13, no. 3, and T43).
=515  \\$aIssues for spring 1968-winter 1987 called also: T39-T116.
=540  \\$aCurrent Copyright Fee: GBP12.00$c87\0$5Uk
=588  \\$aLatest issue consulted: 65:1 (spring 2021) = T249.
=595  \\$aFORMERLY 9070.2 UP TO 11(4), 1967 SEE ALSO CARD INDEX.
=650  \0$aTheater$vPeriodicals.
=650  \0$aTheater$xPolitical aspects$vPeriodicals.
=650  \0$aTheater and society$vPeriodicals.
=650  \0$aExperimental theater$vPeriodicals.
=776  08$iAlso issued online as:$tTDR (1988)$g1988-$x1531-4715
=780  00$tTulane drama review$x0886-800X
=852  41$aBritish Library$bDSC$j3623.197000$3Vol. 12, no. 1 (1967)-***.***UKRR Retained Title
=852  41$aBritish Library$bHMNTS$jCup.805.m.1.$3Vol. 12, no. 1 (Fall 1967)-v. 40, no. 4 (1996)***To apply for issues from 1997 onwards, use separate form and DSC shelfmark
=856  \\$31850-9999$uhttp://www.mitpressjournals.org/$xBLDSS
=945  \\$aDRAMA REVIEW -NEW YORK THEN CAMBRIDGE MASSACHUSETTS-.
=959  \\$fCurrently received
=963  \\$a1971- *A=1$bY$cL415.C.135
=985  \\$aISSN Portal has c/t at 1988 to TDR (1988) and this has ISSN 1054-2043. BL has treated as minor change. Electronic record uses latest ISSN and TDR as title therefore the two records are somewhat out of step
=985  \\$aISSN UK Centre: see ISSN only record 020407024 created to transfer ISSN responsibility to ISSN UK Centre as title is currently published by Cambridge University Press 30/11/2021.DO NOT CODE THIS RECORD FOR UK CENTRE.
=985  \\$aRecord merged by DQ team
=ACF  \\$aBritish Library not licensed to copy$c0$e01-jul-2012$hC$iCLA Excluded$5Uk
=ACF  \\$aBritish Library not licensed to copy$c0$e01-apr-2012$hC$iCLA Excluded$5Uk
=ACF  \\$aBritish Library not licensed to copy$c0$e01-jan-2012$hC$iCLA Excluded$5Uk
=ACF  \\$aBritish Library not licensed to copy$c0$e01-oct-2011$hC$iCLA Excluded$5Uk
=ACF  \\$aBritish Library not licensed to copy$c0$e01-jul-2011$hC$iCLA Excluded$5Uk
=ACF  \\$aBritish Library not licensed to copy$c0$e01-apr-2011$hC$iCLA Excluded$5Uk
=ACF  \\$aPrevious Copyright Fee: GBP10.50$c0$e21-feb-2011$fGBP10.50$g0$hA$5Uk
=ACF  \\$aCurrent Copyright Fee: GBP7.20$c0$e01-oct-2010$fGBP7.20$g0$hC$5Uk
=ACF  \\$aPrevious Copyright Fee: GBP7.20$c0$e01-jul-2010$fGBP7.20$g0$hC$5Uk
=ACF  \\$aPrevious Copyright Fee: GBP7.20$c0$e01-apr-2010$fGBP7.20$g0$hC$5Uk
=ACF  \\$aPrevious Copyright Fee: GBP7.20$c0$e01-Jan-2010$fGBP7.20$g0$hC$5Uk
=ACF  \\$aPrevious Copyright Fee: GBP7.20$c0$e01-oct-2009$fGBP7.20$g0$hC$5Uk
=ACF  \\$aPrevious Copyright Fee: GBP5.71$c0$e01-jul-2009$fGBP5.71$g0$hC$5Uk
=ACF  \\$aPrevious Copyright Fee: GBP5.71$c0$e01-apr-2009$fGBP5.71$g0$hC$5Uk
=ACF  \\$aPrevious Copyright Fee: GBP5.00$c0$e01-jan-2009$fGBP5.00$g0$hC$5Uk
=ACF  \\$aPrevious Copyright Fee: GBP4.00$c0$e01-oct-2008$fGBP4.00$g0$hC$5Uk
=ACF  \\$aPrevious Copyright Fee: GBP4.00$c0$e01-jul-2008$fGBP4.00$g0$hC$5Uk
=ACF  \\$aPrevious Copyright Fee: GBP4.00$c0$e01-apr-2008$fGBP4.00$g0$hC$5Uk
=ACF  \\$aPrevious Copyright Fee: GBP4.00$c0$e01-jan-2008$fGBP4.00$g0$hC$5Uk
=ACF  \\$aPrevious Copyright Fee: GBP4.00$c0$e01-oct-2007$fGBP4.00$g0$hC$5Uk
=ACF  \\$aPrevious Copyright Fee: GBP4.00$c0$e01-jul-2007$fGBP4.00$g0$hC$5Uk
=ACF  \\$aPrevious Copyright Fee: GBP4.10$c0$e01-apr-2007$fGBP4.10$g0$hC$5Uk
=ACF  \\$aPrevious Copyright Fee: GBP4.32$c0$e01-jan-2007$fGBP4.32$g0$hC$5Uk
=ACF  \\$aPrevious Copyright Fee: GBP4.32$c0$e01-oct-2006$fGBP4.32$g0$hC$5Uk
=ACF  \\$aPrevious Copyright Fee: GBP4.57$c0$e01-jul-2006$fGBP4.57$g0$hC$5Uk
=ACF  \\$aPrevious Copyright Fee: GBP4.57$c0$e01-apr-2006$fGBP4.57$g0$hC$5Uk
=ACF  \\$aPrevious Copyright Fee: GBP4.44$c0$e01-jan-2006$fGBP4.44$g0$hC$5Uk
=ACF  \\$aPrevious Copyright Fee: GBP4.32$c0$e01-oct-2005$fGBP4.32$g0$hC$5Uk
=ACF  \\$aPrevious Copyright Fee: GBP4.32$c0$e01-jul-2005$fGBP4.32$g0$hC$5Uk
=ACF  \\$aPrevious Copyright Fee: GBP4.32$c0$e01-apr-2005$fGBP4.32$g0$hC$5Uk
=ACF  \\$aPrevious Copyright Fee: GBP4.44$c0$e01-jan-2005$fGBP4.44$g0$hC$5Uk
=ACF  \\$aPrevious Copyright Fee: GBP4.32$c0$e01-oct-2004$fGBP4.32$g0$hC$5Uk
=ACF  \\$aPrevious copyright fee: GBP4.32$c0$e01-apr-2004$fGBP4.32$g0$hC$5Uk
=ACF  \\$aCurrent copyright fee: GBP4.71$c0$e01-jan-2004$fGBP4.71$g0$hC$5Uk
=ACF  \\$aCurrent copyright fee: GBP5.00$c0$e01-jan-2003$fGBP5.00$g0$hC$5Uk
=CAT  \\$aCONV$b00$c20040425$lBLL90$h0702
=CAT  \\$aIPL-CLA$c20110930$lBLL01$h1508
=CAT  \\$aBATCH-CLA$b00$c20111130$lBLL01$h1154
=CAT  \\$aIPL-CLA$c20111230$lBLL01$h1704
=CAT  \\$aBATCH-CLA$b00$c20120229$lBLL01$h1602
=CAT  \\$aIPL-CLA$c20120330$lBLL01$h1354
=CAT  \\$aBATCH-CLA$b00$c20120531$lBLL01$h1716
=CAT  \\$aBATCH-UPD$b00$c20120614$lBLL01$h2145
=CAT  \\$aIPL-CLA$c20120629$lBLL01$h0950
=CAT  \\$aBATCH-CLA$b00$c20120831$lBLL01$h1543
=CAT  \\$aIPL-CLA$c20120930$lBLL01$h2003
=CAT  \\$aBATCH-CLA$b00$c20121103$lBLL01$h1023
=CAT  \\$aWR12_128$c20121113$lBLL01$h1839
=CAT  \\$aWR13.005$c20130329$lBLL01$h1208
=CAT  \\$a5552$b40$c20130517$lBLL01$h0909
=CAT  \\$a8874$b40$c20140127$lBLL01$h1106
=CAT  \\$aBLDSS-3PM$b00$c20150131$lBLL01$h2311
=CAT  \\$aBATCH-UPD$b00$c20160524$lBLL01$h2259
=CAT  \\$aBATCH-UPD$b00$c20160525$lBLL01$h0648
=CAT  \\$a8124$b40$c20211103$lBLL01$h0852
=CAT  \\$a8124$b40$c20211103$lBLL01$h0853
=CAT  \\$a10973$b40$c20211130$lBLL01$h1611
=CAT  \\$a10973$b40$c20211201$lBLL01$h1251
=CAT  \\$a10973$b40$c20211209$lBLL01$h1645
=CAT  \\$a10806$b40$c20211217$lBLL01$h0735
=CAT  \\$aBATCH-FIX$c20230511$lBLL01$h1625
=CFI  0\$aCurrent Copyright Fee: GBP12.00$c87\0$e17-may-2013$fGBP12.00$g0$hP$5Uk
=CFI  2\$aBritish Library not licensed to copy$c0$e01-oct-2012$hC$iCFP Excluded$5Uk
=FFP  \\$aY$bBLDSS-3PM
=FIN  \\$aY
=FMT  \\$a  SE
=LAS  \\$aBATCH-FIX$b00$c20230511$lBLL01$h1625
=LEO  \\$aMP1.0002805524
=LEO  \\$aMP10.0000195608
=LKR  \\$aPAR$b011144263$lBLL01$r78000$mThe drama review.$nTulane drama review
=SRC  \\$aBLS01$bbibmp1.200404.2.ad
=SRC  \\$aDSS01$bbibmp10.200404.2.aa
=TCO  \\$aTRS$bCCC$c008
=TOC  \\$aETOC
=UNO  \\$aY

