=LDR  04557 as a2201177 i 4500
=001  007844377
=003  Uk
=005  20160128105756.0
=007  ta
=008  850117d19841996cc\\x\p\\\\\\\0\\\a0eng\c
=010  \\$asn 85019571 
=019  0\$as564737003
=019  c\$a2344210
=022  0\$a0963-570X
=035  \\$a(OCoLC)11592333
=040  \\$aMOA$beng$cMOA$dHUL$dNST$dEYM$dOCL$dHUL$dHEBIS$dUKMGB$dOCLCQ$dOCLCF$dOCLCO$dUk
=042  \\$apcc
=043  \\$aae-----
=050  \4$aQK1$b.E223
=082  04$a561.118$223
=084  \\$aOA 26$2blsrissc
=084  \\$aNX 058$2blsrissc
=084  \\$aCU 60$2blsrissc
=210  0\$aEast Asian tert./quat. newsl.
=222  \0$aEast Asian tertiary/quaternary newsletter
=245  04$aThe East Asian Tertiary/Quaternary newsletter.
=260  \\$aHong Kong :$bCentre of Asian Studies, University of Hong Kong,$c1984-
=300  \\$billustrations, maps ;$c28 cm
=310  \\$aIrregular
=336  \\$atext$2rdacontent
=337  \\$aunmediated$2rdamedia
=338  \\$avolume$2rdacarrier
=362  0\$aNo. 1-
=362  1\$aCeased with no. 22, published in 1996?
=500  \\$aTitle from cover.
=540  \\$aBritish Library not licensed to copy$c0$5Uk
=588  \\$aLatest issue consulted: No. 22, published in 1996.
=650  \0$aPaleobotany$zEast Asia.
=650  \0$aGeology$zEast Asia.
=650  \0$aPaleoclimatology$zEast Asia.
=650  \0$aPaleontology$zEast Asia.
=650  \0$aPrehistoric peoples$zEast Asia.
=650  \0$aBotany$zEast Asia.
=650  \7$aBotany.$2fast$0(OCoLC)fst00836869
=650  \7$aGeology.$2fast$0(OCoLC)fst00940627
=650  \7$aPaleobotany.$2fast$0(OCoLC)fst01051324
=650  \7$aPaleoclimatology.$2fast$0(OCoLC)fst01051364
=650  \7$aPaleontology.$2fast$0(OCoLC)fst01051513
=650  \7$aPrehistoric peoples.$2fast$0(OCoLC)fst01075242
=651  \7$aEast Asia.$2fast$0(OCoLC)fst01243628
=710  2\$aUniversity of Hong Kong.$bCentre of Asian Studies.
=852  41$aBritish Library$bDSC$j3645.945000$3NO. 3, 1986- 15, 1992 *A=1
=852  71$aBritish Library$bSTI$k(P)$hOA 26$m-E(5)$2blsrissc$3No. 8 (1988)-no. 18 (1994).
=945  \\$aEAST ASIAN TERTIARY QUATERNARY NEWSLETTER.
=959  \\$fHeld but not currently received
=963  \\$aCA/S-8 NO. 1, 1984- 22, 1996 *A=1$bY
=985  \\$aResponsibility for ISSN transferred to ISSN IC from ISSN UK, 22.01.07
=A02  \\$a2344210
=ACF  \\$aPrevious copyright fee: GBP9.00$c0$e01-apr-2010$fGBP9.00$g0$hA$5Uk
=ACF  \\$aPrevious copyright fee: GBP6.00$c0$e01-apr-2008$fGBP6.00$g0$hA$5Uk
=ACF  \\$aPrevious copyright fee: GBP5.00$c0$e01-jul-2002$fGBP5.00$g0$hA$5Uk
=ACF  \\$aCurrent copyright fee: GBP2.50$c0$e01-jul-1998$fGBP2.50$g0$hC$5Uk
=ACF  \\$aCurrent copyright fee: GBP2.30$c0$e01-apr-1997$fGBP2.30$g0$hC$5Uk
=CAT  \\$aCONV$b00$c20040425$lBLL90$h0702
=CAT  \\$c20041008$lBLL01$h2343
=CAT  \\$a6537$b40$c20070122$lBLL01$h1255
=CAT  \\$aBATCH-UPD$b40$c20080223$lBLL01$h2311
=CAT  \\$aBATCH-UPD$b40$c20080226$lBLL01$h0239
=CAT  \\$aBATCH-UPD$b40$c20080330$lBLL01$h0057
=CAT  \\$aBATCH-UPD$b40$c20080330$lBLL01$h1100
=CAT  \\$aBATCH$b00$c20080330$lBLL01$h1840
=CAT  \\$aBATCH$b00$c20091208$lBLL01$h0256
=CAT  \\$aBATCH$b00$c20091214$lBLL01$h0311
=CAT  \\$aBATCH$b00$c20091216$lBLL01$h0052
=CAT  \\$aBATCH-UPD$b00$c20100225$lBLL01$h2302
=CAT  \\$aBATCH-UPD$b00$c20100331$lBLL01$h2049
=CAT  \\$aBATCH-UPD$b00$c20100401$lBLL01$h0031
=CAT  \\$aBATCH$b00$c20100401$lBLL01$h0340
=CAT  \\$aBATCH$b00$c20100401$lBLL01$h1341
=CAT  \\$aBATCH-UPD$b00$c20101124$lBLL01$h1731
=CAT  \\$aBATCH-UPD$b00$c20101125$lBLL01$h0954
=CAT  \\$aIPL-CLA$c20101231$lBLL01$h1201
=CAT  \\$aBATCH-UPD$b00$c20110907$lBLL01$h1753
=CAT  \\$aIPL-CLA$c20110908$lBLL01$h1706
=CAT  \\$aWR11_155$c20120104$lBLL01$h1850
=CAT  \\$aWR11_155$c20120104$lBLL01$h1901
=CAT  \\$aBATCH-CLA$b00$c20121103$lBLL01$h1023
=CAT  \\$aWR13.005$c20130329$lBLL01$h1209
=CAT  \\$a6550$b40$c20160128$lBLL01$h1057
=CFI  2\$aPrevious copyright fee: GBP10.50$c0$e01-jan-2011$fGBP10.50$g0$hA$5Uk
=FIN  \\$aY
=FMT  \\$a  SE
=LAS  \\$a6550$b40$c20160128$lBLL01$h1057
=LEO  \\$aMP22.0000035806
=LEO  \\$aMP10.0000198646
=LEO  \\$aMP25.0000255476
=SID  \\$aZ39$bOCLC
=SRC  \\$aISN01$bbibmp22.200404.2.aa
=SRC  \\$aDSS01$bbibmp10.200404.2.aa
=SRC  \\$aSRI01$bbibmp25.200404.2.aa
=TCO  \\$aZZZ$c008

