=LDR  05457cas a2201177 a 4500
=001  007845936
=003  Uk
=005  20230209233103.0
=007  ta
=008  040409d19722011enkuu\m\\\\\\o0\\\a0eng\\
=019  c\$a2575279
=019  x\$a067238017X
=022  0\$a0306-5170
=040  \\$aUk$cUk$dUk
=082  04$a330.9171241$222
=210  0\$aCommonw. econ. pap.
=222  \0$aCommonwealth economic papers
=245  00$aCommonwealth economic papers.
=260  \\$aLondon :$bCommonwealth Secretariat,$c1972-2011.
=336  \\$atext$2rdacontent
=337  \\$aunmediated$2rdamedia
=338  \\$avolume$2rdacarrier
=540  \\$aCurrent Copyright Fee: GBP25.00$c0$5Uk
=595  \\$aFormerly 3339.85 change between No. 24, 1995 AND 30, 1997 see also 3339.85 for external library holdings
=610  20$aCommonwealth of Nations$xEconomic policy.
=610  20$aCommonwealth of Nations$xEconomic conditions.
=690  7\$aManagement and Business Studies$2blcoll
=710  2\$aCommonwealth Secretariat.
=852  41$aBritish Library$bHMNTS$jBS.12/85
=852  41$aBritish Library$bDSC$j3653.965500$3No. 30 (1997)-no. 31 (1997); no. 44 (2001), no. 60 (2004), no. 65 (2004), no. 74 (2006)-no. 93 (2011)
=945  \\$aEconomic paper- Commonwealth Secretariat
=959  \\$fHeld but not currently received
=985  \\$aResponsibility for ISSN transferred to the IC from UK Centre, 29.10.08
=A02  \\$a2575279
=ACF  \\$aPrevious Copyright Fee: GBP12.00$c0$e01-apr-2012$fGBP12.00$g0$hC$5Uk
=ACF  \\$aPrevious Copyright Fee: GBP12.00$c0$e01-jan-2012$fGBP12.00$g0$hC$5Uk
=ACF  \\$aPrevious Copyright Fee: GBP10.50$c0$e01-oct-2011$fGBP10.50$g0$hC$5Uk
=ACF  \\$aPrevious Copyright Fee: GBP10.50$c0$e01-jul-2011$fGBP10.50$g0$hC$5Uk
=ACF  \\$aPrevious Copyright Fee: GBP10.50$c0$e01-apr-2011$fGBP10.50$g0$hC$5Uk
=ACF  \\$aPrevious Copyright Fee: GBP10.50$c0$e01-jan-2011$fGBP10.50$g0$hC$5Uk
=ACF  \\$aPrevious Copyright Fee: GBP9.00$c0$e01-oct-2010$fGBP9.00$g0$hC$5Uk
=ACF  \\$aPrevious Copyright Fee: GBP9.00$c0$e01-jul-2010$fGBP9.00$g0$hC$5Uk
=ACF  \\$aPrevious Copyright Fee: GBP9.00$c0$e01-apr-2010$fGBP9.00$g0$hC$5Uk
=ACF  \\$aPrevious Copyright Fee: GBP9.00$c0$e01-Jan-2010$fGBP9.00$g0$hC$5Uk
=ACF  \\$aPrevious Copyright Fee: GBP6.00$c0$e01-oct-2009$fGBP6.00$g0$hC$5Uk
=ACF  \\$aPrevious Copyright Fee: GBP6.00$c0$e01-jul-2009$fGBP6.00$g0$hC$5Uk
=ACF  \\$aPrevious Copyright Fee: GBP6.00$c0$e01-apr-2009$fGBP6.00$g0$hC$5Uk
=ACF  \\$aPrevious Copyright Fee: GBP6.00$c0$e01-jan-2009$fGBP6.00$g0$hC$5Uk
=ACF  \\$aPrevious copyright fee: GBP6.00$c0$e01-apr-2008$fGBP6.00$g0$hA$5Uk
=ACF  \\$aPrevious copyright fee: GBP5.00$c0$e01-jul-2002$fGBP5.00$g0$hA$5Uk
=ACF  \\$aCurrent copyright fee: GBP2.50$c0$e16-mar-2000$fGBP2.50$g0$hC$5Uk
=ACF  \\$aCurrent copyright fee: GBP4.40$c0$e02-dec-1998$fGBP4.40$g0$hA$5Uk
=ACF  \\$aPrevious Copyright Fee: GBP12.00$c0$e01-jul-2012$fGBP12.00$g0$hC$5Uk
=ACF  \\$aPrevious Copyright Fee: GBP12.00$c0$e01-oct-2012$fGBP12.00$g0$hC$5Uk
=ACF  \\$aPrevious Copyright Fee: GBP12.30$c0$e01-jan-2014$fGBP12.30$g0$hC$5Uk
=ACF  \\$aPrevious Copyright Fee: GBP15.00$c0$e01-jan-2017$fGBP15.00$g0$hC$5Uk
=ACF  \\$aPrevious Copyright Fee: GBP17.50$c0$e01-jan-2018$fGBP17.50$g0$hC$5Uk
=ACF  \\$aPrevious Copyright Fee: GBP20.00$c0$e01-jan-2020$fGBP20.00$g0$hC$5Uk
=ACF  \\$aPrevious Copyright Fee: GBP22.50$c0$e01-jan-2021$fGBP22.50$g0$hC$5Uk
=CAT  \\$aCONV$b00$c20040425$lBLL90$h0702
=CAT  \\$aIPL-CLA$c20110930$lBLL01$h1508
=CAT  \\$aBATCH-CLA$b00$c20111130$lBLL01$h1207
=CAT  \\$aIPL-CLA$c20111230$lBLL01$h1706
=CAT  \\$aBATCH-CLA$b00$c20120229$lBLL01$h1607
=CAT  \\$aIPL-CLA$c20120330$lBLL01$h1354
=CAT  \\$aBATCH-CLA$b00$c20120531$lBLL01$h1712
=CAT  \\$aIPL-CLA$c20120629$lBLL01$h0950
=CAT  \\$aBATCH-CLA$b00$c20120831$lBLL01$h1527
=CAT  \\$aIPL-CLA$c20120930$lBLL01$h2004
=CAT  \\$aBATCH-CLA$b00$c20121103$lBLL01$h1023
=CAT  \\$aWR13.005$c20130329$lBLL01$h1211
=CAT  \\$aBATCH-CLA$b00$c20131129$lBLL01$h1639
=CAT  \\$aIPL-CLA$c20131231$lBLL01$h1853
=CAT  \\$a7164$b40$c20140811$lBLL01$h1124
=CAT  \\$aBATCH-UPD$b40$c20150423$lBLL01$h1733
=CAT  \\$aBATCH-CLA$b00$c20161130$lBLL01$h1642
=CAT  \\$aIPL-CLA$c20161230$lBLL01$h1813
=CAT  \\$aBATCH-CLA$b00$c20171130$lBLL01$h1708
=CAT  \\$aIPL-CLA$c20171231$lBLL01$h1349
=CAT  \\$aBATCH-CLA$b00$c20191129$lBLL01$h1618
=CAT  \\$aIPL-CLA$c20191231$lBLL01$h1720
=CAT  \\$aBATCH-CLA$b00$c20201126$lBLL01$h1402
=CAT  \\$aIPL-CLA$c20201231$lBLL01$h1519
=CAT  \\$aBATCH-CLA$b00$c20221130$lBLL01$h1430
=CAT  \\$aIPL-CLA$c20221231$lBLL01$h1433
=CAT  \\$aBATCH-CLA$b00$c20230209$lBLL01$h1517
=CAT  \\$aIPL-CLA$c20230209$lBLL01$h2331
=CFI  0\$aCurrent Copyright Fee: GBP25.00$c0$e09-feb-2023$fGBP25.00$g0$hC$5Uk
=CFI  2\$aBritish Library not licensed to copy$c0$e01-jan-2023$hC$iCFP Excluded$5Uk
=FIN  \\$aY
=FMT  \\$a  SE
=LAS  \\$aIPL-CLA$b00$c20230209$lBLL01$h2331
=LEO  \\$aMP10.0000200817
=LEO  \\$aMP22.0000019269
=LEO  \\$aMP1.0000800665
=MIS  \\$aSO
=SRC  \\$aDSS01$bbibmp10.200404.2.aa
=SRC  \\$aBLS01$bbibmp1.200404.2.aa
=SRC  \\$aISN01$bbibmp22.200404.2.aa
=TCO  \\$aCLA$bCLA$c008
=TOC  \\$aETOC

