=LDR  05466cas a22011657a 4500
=001  007847291
=003  Uk
=005  20230210004418.0
=007  ta
=008  040409d1970197uenk\x\m\\\\\\\0\\\a0eng\\
=019  c\$a2063897
=019  x\$a0672380226
=022  0\$a0306-1833
=040  \\$aUk$cUk$dUk
=210  0\$aEduc. Commonw.$b(Lond., 1971)
=222  \0$aEducation in the Commonwealth$b(London. 1971)
=245  00$aEducation in the Commonwealth.
=260  \\$aLondon :$bCommonwealth Secretariat,$c1970-
=336  \\$atext$2rdacontent
=337  \\$aunmediated$2rdamedia
=338  \\$avolume$2rdacarrier
=540  \\$aCurrent Copyright Fee: GBP25.00$c0$5Uk
=710  2\$aCommonwealth Secretariat.
=852  41$aBritish Library$bHMNTS$jB.S.12/71.$3No.1 (1970)-no.12 (1976)
=852  41$aBritish Library$bDSC$j3661.232000
=945  \\$aEDUCATION IN THE COMMONWEALTH.
=959  \\$fHeld but not currently received
=963  \\$aNO. [1], 1970- 12, 1976 *A=1$bN$cOP.1100.203.05
=985  \\$aResponsibility for ISSN transferred to the IC from the UK Centre, 29.10.08
=985  \\$aRecord merged by DQ team
=A02  \\$a2063897
=ACF  \\$aPrevious Copyright Fee: GBP12.00$c0$e01-apr-2012$fGBP12.00$g0$hC$5Uk
=ACF  \\$aPrevious Copyright Fee: GBP12.00$c0$e01-jan-2012$fGBP12.00$g0$hC$5Uk
=ACF  \\$aPrevious Copyright Fee: GBP10.50$c0$e01-oct-2011$fGBP10.50$g0$hC$5Uk
=ACF  \\$aPrevious Copyright Fee: GBP10.50$c0$e01-jul-2011$fGBP10.50$g0$hC$5Uk
=ACF  \\$aPrevious Copyright Fee: GBP10.50$c0$e01-apr-2011$fGBP10.50$g0$hC$5Uk
=ACF  \\$aPrevious Copyright Fee: GBP10.50$c0$e01-jan-2011$fGBP10.50$g0$hC$5Uk
=ACF  \\$aPrevious Copyright Fee: GBP9.00$c0$e01-oct-2010$fGBP9.00$g0$hC$5Uk
=ACF  \\$aPrevious Copyright Fee: GBP9.00$c0$e01-jul-2010$fGBP9.00$g0$hC$5Uk
=ACF  \\$aPrevious Copyright Fee: GBP9.00$c0$e01-apr-2010$fGBP9.00$g0$hC$5Uk
=ACF  \\$aPrevious Copyright Fee: GBP9.00$c0$e01-Jan-2010$fGBP9.00$g0$hC$5Uk
=ACF  \\$aPrevious Copyright Fee: GBP6.00$c0$e01-oct-2009$fGBP6.00$g0$hC$5Uk
=ACF  \\$aPrevious Copyright Fee: GBP6.00$c0$e01-jul-2009$fGBP6.00$g0$hC$5Uk
=ACF  \\$aPrevious Copyright Fee: GBP6.00$c0$e01-apr-2009$fGBP6.00$g0$hC$5Uk
=ACF  \\$aPrevious Copyright Fee: GBP6.00$c0$e01-jan-2009$fGBP6.00$g0$hC$5Uk
=ACF  \\$aPrevious Copyright Fee: GBP6.00$c0$e01-oct-2008$fGBP6.00$g0$hC$5Uk
=ACF  \\$aPrevious Copyright Fee: GBP6.00$c0$e01-jul-2008$fGBP6.00$g0$hC$5Uk
=ACF  \\$aPrevious Copyright Fee: GBP6.00$c0$e01-apr-2008$fGBP6.00$g0$hC$5Uk
=ACF  \\$aPrevious Copyright Fee: GBP6.00$c0$e01-jan-2008$fGBP6.00$g0$hC$5Uk
=ACF  \\$aPrevious Copyright Fee: GBP5.00$c0$e01-oct-2007$fGBP5.00$g0$hC$5Uk
=ACF  \\$aPrevious copyright fee: GBP5.00$c0$e01-jul-2002$fGBP5.00$g0$hA$5Uk
=ACF  \\$aCurrent copyright fee: GBP4.40$c0$e01-jul-1998$fGBP4.40$g0$hA$5Uk
=ACF  \\$aCurrent copyright fee: GBP4.20$c0$e01-apr-1997$fGBP4.20$g0$hA$5Uk
=ACF  \\$aPrevious Copyright Fee: GBP12.00$c0$e01-jul-2012$fGBP12.00$g0$hC$5Uk
=ACF  \\$aPrevious Copyright Fee: GBP12.00$c0$e01-oct-2012$fGBP12.00$g0$hC$5Uk
=ACF  \\$aPrevious Copyright Fee: GBP12.30$c0$e01-jan-2014$fGBP12.30$g0$hC$5Uk
=ACF  \\$aPrevious Copyright Fee: GBP15.00$c0$e01-jan-2017$fGBP15.00$g0$hC$5Uk
=ACF  \\$aPrevious Copyright Fee: GBP17.50$c0$e01-jan-2018$fGBP17.50$g0$hC$5Uk
=ACF  \\$aPrevious Copyright Fee: GBP20.00$c0$e01-jan-2020$fGBP20.00$g0$hC$5Uk
=ACF  \\$aPrevious Copyright Fee: GBP22.50$c0$e01-jan-2021$fGBP22.50$g0$hC$5Uk
=CAT  \\$aCONV$b00$c20040425$lBLL90$h0702
=CAT  \\$aIPL-CLA$c20110630$lBLL01$h1510
=CAT  \\$aBATCH-CLA$b00$c20110831$lBLL01$h1758
=CAT  \\$aIPL-CLA$c20110930$lBLL01$h1508
=CAT  \\$aBATCH-CLA$b00$c20111130$lBLL01$h1211
=CAT  \\$aIPL-CLA$c20111230$lBLL01$h1706
=CAT  \\$aBATCH-CLA$b00$c20120229$lBLL01$h1609
=CAT  \\$aIPL-CLA$c20120330$lBLL01$h1354
=CAT  \\$aBATCH-CLA$b00$c20120531$lBLL01$h1707
=CAT  \\$aIPL-CLA$c20120629$lBLL01$h0950
=CAT  \\$aBATCH-CLA$b00$c20120831$lBLL01$h1541
=CAT  \\$aIPL-CLA$c20120930$lBLL01$h2004
=CAT  \\$aBATCH-CLA$b00$c20121103$lBLL01$h1022
=CAT  \\$aWR13.005$c20130329$lBLL01$h1212
=CAT  \\$aBATCH-CLA$b00$c20131129$lBLL01$h1639
=CAT  \\$aIPL-CLA$c20131231$lBLL01$h1854
=CAT  \\$aBATCH-CLA$b00$c20161130$lBLL01$h1633
=CAT  \\$aIPL-CLA$c20161230$lBLL01$h1813
=CAT  \\$aBATCH-CLA$b00$c20171130$lBLL01$h1712
=CAT  \\$aIPL-CLA$c20171231$lBLL01$h1349
=CAT  \\$aBATCH-CLA$b00$c20191129$lBLL01$h1622
=CAT  \\$aIPL-CLA$c20191231$lBLL01$h1721
=CAT  \\$aBATCH-CLA$b00$c20201126$lBLL01$h1408
=CAT  \\$aIPL-CLA$c20201231$lBLL01$h1917
=CAT  \\$aBATCH-CLA$b00$c20221130$lBLL01$h1425
=CAT  \\$aIPL-CLA$c20221231$lBLL01$h1834
=CAT  \\$aBATCH-CLA$b00$c20230209$lBLL01$h1513
=CAT  \\$aIPL-CLA$c20230210$lBLL01$h0044
=CFI  0\$aCurrent Copyright Fee: GBP25.00$c0$e09-feb-2023$fGBP25.00$g0$hC$5Uk
=CFI  2\$aBritish Library not licensed to copy$c0$e01-jan-2023$hC$iCFP Excluded$5Uk
=FIN  \\$aY
=FMT  \\$a  SE
=LAS  \\$aIPL-CLA$b00$c20230210$lBLL01$h0044
=LEO  \\$aMP10.0000202647
=LEO  \\$aMP22.0000018957
=LEO  \\$aMP1.0000800670
=SRC  \\$aBLS01$bbibmp1.200404.2.aa
=SRC  \\$aISN01$bbibmp22.200404.2.aa
=SRC  \\$aDSS01$bbibmp10.200404.2.aa
=TCO  \\$aCLA$bCLA$c008

