=LDR  06120cas a2201333 a 4500
=001  007847666
=003  Uk
=005  20221231143331.0
=007  ta
=008  040409c19719999enkqr\p\\\\\\\0\\\a0eng\\
=015  \\$aGB7117079$2bnb
=019  c\$a2064049
=019  y\$aB7117079
=019  9\$ab7117079
=019  1\$adef109616
=022  \\$a0004-7597
=040  \\$aUk$cUk$dUk
=050  00$aLB1043
=082  04$a371.3305$218
=210  0\$aEduc. media int.$b(1971)
=222  \0$aEducational media international$b(1971)
=245  00$aEducational media international.
=246  13$aEMI
=260  \\$aLondon :$bInternational Council for Educational Media,$c[1971]-
=264  31$aAbingdon :$bRoutledge, Taylor & Francis
=300  \\$av. :$bill. ;$c24-25 cm.
=310  \\$aQuarterly
=336  \\$atext$2rdacontent
=337  \\$aunmediated$2rdamedia
=338  \\$avolume$2rdacarrier
=362  0\$aNo. 1 (March 1971)-
=540  \\$aCurrent copyright fee: GBP37.00$c2\0$5Uk
=550  \\$aOfficial journal of the International Council for Educational Media.
=588  \\$aLatest issue consulted: volume 53, number 3 (September 2016).
=595  \\$aFormerly 1789.030000 up to Vol. 4 (1970), Continued as 3733.490000 Vol. 23 (1986)- Formerly 3733.490000 up to Vol. 33 (1996), See also Serial Records DFE SCE and card index.
=650  \0$aAudio visual materials$xPeriodicals.
=653  \\$aAudio-visual aids$aPeriodicals
=710  2\$aInternational Council for Educational Media.
=730  02$aEMI (London, England)$x0952-3987.
=776  08$iAlso issued online as:$tEducational media international (Online)$x1469-5790
=780  00$tAudio-visual media$x0571-8716
=785  00$tEMI$gVol. 24 (1986)-vol. 33 (1996)$x0952-3987
=852  41$aBritish Library$bDSC$j3661.454000$3Vol. 1, no. 1 (1971)-v. 42, no. 4 (2005)***UKRR Retained Title***Stock Incomplete
=852  41$aBritish Library$bHMNTS$jZK.9.a.1542$3Vol. 24, no. 1 (Mar. 1986)-v. 55, no. 3 (Sep. 2018)***Title now taken as electronic copy only
=852  41$aBritish Library$bHMNTS$jP.521/1883
=856  \\$31850-9999$uhttp://www.tandfonline.com/$xBLDSS
=945  \\$aEducational media international
=959  \\$fHeld but not currently received
=963  \\$a1971-$bN$cL240.C.788
=985  \\$aRecord merged by DQ team
=985  \\$aISSN responsibility transfer to US Center pending (SB 27.11.2020)
=A02  \\$a2064049
=ACF  \\$aPrevious copyright fee: GBP17.00$c2\0$e01-jan-2010$fGBP17.00$g0$hP$5Uk
=ACF  \\$aPrevious copyright fee: GBP16.00$c2\0$e01-jan-2009$fGBP16.00$g0$hP$5Uk
=ACF  \\$aPrevious copyright fee: GBP15.00$c2\0$e01-apr-2008$fGBP15.00$g0$hP$5Uk
=ACF  \\$aPrevious copyright fee: GBP16.00$c2\0$e01-jan-2007$fGBP16.00$g0$hP$5Uk
=ACF  \\$aPrevious copyright fee: GBP13.00$c2\0$e01-jan-2005$fGBP13.00$g0$hP$5Uk
=ACF  \\$aPrevious copyright fee: GBP11.00$c2\0$e01-jan-2004$fGBP11.00$g0$hP$5Uk
=ACF  \\$aCurrent copyright fee: GBP10.00$c2\0$e01-apr-2002$fGBP10.00$g0$hP$5Uk
=ACF  \\$aCurrent copyright fee: GBP9.00$c2\0$e01-jan-2000$fGBP9.00$g0$hP$5Uk
=ACF  \\$aPrevious copyright fee: GBP21.00$c2\0$e01-jan-2011$fGBP21.00$g0$hP$5Uk
=ACF  \\$aPrevious copyright fee: GBP23.00$c2\0$e01-jan-2012$fGBP23.00$g0$hP$5Uk
=ACF  \\$aPrevious copyright fee: GBP23.50$c2\0$e01-jan-2013$fGBP23.50$g0$hP$5Uk
=ACF  \\$aPrevious copyright fee: GBP24.00$c2\0$e01-jan-2014$fGBP24.00$g0$hP$5Uk
=ACF  \\$aPrevious copyright fee: GBP25.00$c2\0$e01-jan-2015$fGBP25.00$g0$hP$5Uk
=ACF  \\$aPrevious copyright fee: GBP26.00$c2\0$e01-jan-2016$fGBP26.00$g0$hP$5Uk
=ACF  \\$aPrevious copyright fee: GBP28.00$c2\0$e01-jan-2017$fGBP28.00$g0$hP$5Uk
=ACF  \\$aPrevious copyright fee: GBP30.00$c2\0$e01-jan-2018$fGBP30.00$g0$hP$5Uk
=ACF  \\$aPrevious copyright fee: GBP32.00$c2\0$e01-jan-2019$fGBP32.00$g0$hP$5Uk
=ACF  \\$aPrevious copyright fee: GBP34.00$c2\0$e01-jan-2020$fGBP34.00$g0$hP$5Uk
=CAT  \\$aCONV$b00$c20040425$lBLL90$h0702
=CAT  \\$aIPL-CLA$c20141231$lBLL01$h1641
=CAT  \\$aBATCH-UPD$b00$c20151119$lBLL01$h1540
=CAT  \\$aIPL-CLA$c20151231$lBLL01$h1906
=CAT  \\$aBATCH-UPD$b00$c20160413$lBLL01$h1802
=CAT  \\$aBATCH-UPD$b00$c20160731$lBLL01$h2332
=CAT  \\$a8323$b40$c20160822$lBLL01$h1148
=CAT  \\$a8323$b40$c20160822$lBLL01$h1202
=CAT  \\$a8323$b40$c20160822$lBLL01$h1321
=CAT  \\$a8323$b40$c20160824$lBLL01$h1346
=CAT  \\$a8323$b40$c20161114$lBLL01$h0915
=CAT  \\$aBATCH-UPD$b40$c20161122$lBLL01$h1510
=CAT  \\$aIPL-CLA$c20161230$lBLL01$h1813
=CAT  \\$aBATCH-UPD$b00$c20171121$lBLL01$h1644
=CAT  \\$aIPL-CLA$c20171231$lBLL01$h1349
=CAT  \\$aBATCH-UPD$b00$c20181217$lBLL01$h1636
=CAT  \\$aIPL-CLA$c20181231$lBLL01$h1533
=CAT  \\$aBATCH-UPD$b00$c20191122$lBLL01$h1858
=CAT  \\$aIPL-CLA$c20191231$lBLL01$h1721
=CAT  \\$a10806$b40$c20200210$lBLL01$h1341
=CAT  \\$aBATCH-UPD$b40$c20201118$lBLL01$h1331
=CAT  \\$a7152$b40$c20201127$lBLL01$h1358
=CAT  \\$a10806$b40$c20201204$lBLL01$h0950
=CAT  \\$aIPL-CLA$c20201231$lBLL01$h1519
=CAT  \\$aBATCH-UPD$b00$c20221121$lBLL01$h1344
=CAT  \\$aIPL-CLA$c20221231$lBLL01$h1433
=CFI  0\$aCurrent copyright fee: GBP37.00$c2\0$e01-jan-2023$fGBP37.00$g0$hP$5Uk
=CFI  2\$aPrevious copyright fee: GBP35.00$c2\0$e01-jan-2021$fGBP35.00$g0$hP$5Uk
=FFP  \\$aY$bBLDSS-3PM
=FIN  \\$aY
=FMT  \\$a  SE
=LAS  \\$aIPL-CLA$b00$c20221231$lBLL01$h1433
=LEO  \\$aMP3.0000000235
=LEO  \\$aMP13.0000413585
=LEO  \\$aMP22.0000000158
=LEO  \\$aMP10.0000203165
=LKR  \\$aPAR$b013352142$lBLL01$r776$mEducational media international (Print)$nEducational media international (Online)
=LKR  \\$aPAR$b001807251$lBLL01$r78000$mEducational media international (1971)$nAudio visual media
=SRC  \\$aBNB02$bbibmp3.200404.2.aa
=SRC  \\$aHSS01$bbibmp13.200404.2.aa
=SRC  \\$aISN01$bbibmp22.200404.2.aa
=SRC  \\$aDSS01$bbibmp10.200404.2.aa
=TCO  \\$aCLA$bCLA$c008
=TOC  \\$aETOC

