=LDR  05288cas a2201213 a 4500
=001  007847795
=003  Uk
=005  20230930080143.0
=006  aa\\\|||||||||||||
=007  ta
=008  750405c19759999enkqx\p\\\\\\\0\\\a0eng\\
=015  \\$aGB7508529$2bnb
=019  y\$aB7508529
=019  9\$ab7508529
=019  1\$ab7508529
=019  c\$a2064109
=022  0\$a0305-5698
=040  \\$aUk$beng$cUk$dUk
=042  \\$aukblsr
=050  00$aL16
=082  04$a370.5$218
=082  04$a370.5$219
=222  \0$aEducational studies$b(Dorchester-on-Thames)
=245  00$aEducational studies.
=260  \\$aOxford :$bCarfax Publishing Co,$c1975-
=264  31$aAbingdon :$bTaylor & Francis
=300  \\$av. :$bill. ;$c25 cm.
=310  \\$aFive times a year,$b2008-
=321  \\$aQuarterly,$b2000-2007
=321  \\$aThree issues yearly,$b<-1999
=336  \\$atext$2rdacontent
=337  \\$aunmediated$2rdamedia
=338  \\$avolume$2rdacarrier
=362  0\$aVol. 1, no. 1 ( Mar. 1975)-
=540  \\$aCurrent copyright fee: GBP37.00$c2\0$5Uk
=588  \\$aLatest issue consulted: volume 40, number 4 (October 2014).
=595  \\$aSEE ALSO SERIAL RECORDS DFE AND SCE.
=650  \0$aEducation$vPeriodicals.
=653  \\$aEducation$aSerials
=776  08$iAlso issued online as$tEducational studies (Online)$x1465-3400
=852  41$aBritish Library$bDSC$j3662.513000$3Vol. 1 (1975)-v. 39, no. 5 (2013)***UKRR Retained Title
=852  41$aBritish Library$bHMNTS$jP.521/3096$3Vol. 1, no. 1 (Mar. 1975)-v. 41, no. 5 (2015)***title now taken as electronic copy only
=856  \\$31850-9999$uhttp://www.tandfonline.com/$xBLDSS
=945  \\$aEDUCATIONAL STUDIES -OXFORD THEN ABINGDON-.
=957  \\$a770218c
=959  \\$fHeld but not currently received
=963  \\$aVOL. 1, 1975- *A=1$bY$cP240.B.76
=985  \\$aISSN responsibility taken by United States ISSN Center, October 7 2014.
=ACF  \\$aPrevious copyright fee: GBP17.00$c1\0$e01-jan-2010$fGBP17.00$g0$hP$5Uk
=ACF  \\$aPrevious copyright fee: GBP16.00$c1\0$e01-jan-2009$fGBP16.00$g0$hP$5Uk
=ACF  \\$aPrevious copyright fee: GBP15.00$c1\0$e01-apr-2008$fGBP15.00$g0$hP$5Uk
=ACF  \\$aPrevious copyright fee: GBP16.00$c1\0$e01-jan-2007$fGBP16.00$g0$hP$5Uk
=ACF  \\$aPrevious copyright fee: GBP13.00$c1\0$e01-jan-2005$fGBP13.00$g0$hP$5Uk
=ACF  \\$aPrevious copyright fee: GBP11.00$c1\0$e01-jan-2004$fGBP11.00$g0$hP$5Uk
=ACF  \\$aCurrent copyright fee: GBP10.00$c1\0$e01-apr-2002$fGBP10.00$g0$hP$5Uk
=ACF  \\$aCurrent copyright fee: GBP9.00$c1\0$e01-jan-2000$fGBP9.00$g0$hP$5Uk
=ACF  \\$aPrevious copyright fee: GBP21.00$c1\0$e01-jan-2011$fGBP21.00$g0$hP$5Uk
=ACF  \\$aPrevious copyright fee: GBP23.00$c1\0$e01-jan-2012$fGBP23.00$g0$hP$5Uk
=ACF  \\$aPrevious copyright fee: GBP23.50$c1\0$e01-jan-2013$fGBP23.50$g0$hP$5Uk
=ACF  \\$aPrevious copyright fee: GBP24.00$c1\0$e01-jan-2014$fGBP24.00$g0$hP$5Uk
=ACF  \\$aPrevious copyright fee: GBP25.00$c1\0$e01-jan-2015$fGBP25.00$g0$hP$5Uk
=ACF  \\$aPrevious copyright fee: GBP26.00$c1\0$e01-jan-2016$fGBP26.00$g0$hP$5Uk
=ACF  \\$aPrevious copyright fee: GBP28.00$c1\0$e01-jan-2017$fGBP28.00$g0$hP$5Uk
=ACF  \\$aPrevious copyright fee: GBP30.00$c1\0$e01-jan-2018$fGBP30.00$g0$hP$5Uk
=ACF  \\$aPrevious copyright fee: GBP32.00$c1\0$e01-jan-2019$fGBP32.00$g0$hP$5Uk
=ACF  \\$aPrevious copyright fee: GBP34.00$c1\0$e01-jan-2020$fGBP34.00$g0$hP$5Uk
=ACF  \\$aPrevious copyright fee: GBP35.00$c1\0$e01-jan-2021$fGBP35.00$g0$hP$5Uk
=CAT  \\$aWR09-126
=CAT  \\$a11205$b40$c20141001$lBLL01$h1349
=CAT  \\$a11313$b40$c20141007$lBLL01$h1102
=CAT  \\$aBATCH-UPD$b40$c20141124$lBLL01$h1740
=CAT  \\$aBLDSS-3PM$b00$c20141130$lBLL01$h1244
=CAT  \\$aIPL-CLA$c20141231$lBLL01$h1641
=CAT  \\$aBATCH-UPD$b00$c20151119$lBLL01$h1519
=CAT  \\$aIPL-CLA$c20151231$lBLL01$h1906
=CAT  \\$a11205$b40$c20160119$lBLL01$h1603
=CAT  \\$a11205$b40$c20160119$lBLL01$h1605
=CAT  \\$aBATCH-UPD$b40$c20160413$lBLL01$h1802
=CAT  \\$aBATCH-UPD$b40$c20160804$lBLL01$h1208
=CAT  \\$aBATCH-UPD$b40$c20161122$lBLL01$h1442
=CAT  \\$aIPL-CLA$c20161230$lBLL01$h1813
=CAT  \\$aBATCH-UPD$b00$c20171121$lBLL01$h1622
=CAT  \\$aIPL-CLA$c20171231$lBLL01$h1349
=CAT  \\$aBATCH-UPD$b00$c20181217$lBLL01$h1628
=CAT  \\$aIPL-CLA$c20181231$lBLL01$h1533
=CAT  \\$aBATCH-UPD$b00$c20191122$lBLL01$h1841
=CAT  \\$aIPL-CLA$c20191231$lBLL01$h1721
=CAT  \\$aBATCH-UPD$b00$c20201118$lBLL01$h1323
=CAT  \\$aIPL-CLA$c20201231$lBLL01$h1519
=CAT  \\$aBATCH-UPD$b00$c20221121$lBLL01$h1318
=CAT  \\$aIPL-CLA$c20221231$lBLL01$h1433
=CAT  \\$aR2308-1440$c20230824$lBLL01$h0925
=CAT  \\$aIPL-CLA$c20230930$lBLL01$h0801
=CFI  0\$aCurrent copyright fee: GBP37.00$c2\0$e01-oct-2023$fGBP37.00$g0$hP$5Uk
=CFI  2\$aPrevious copyright fee: GBP37.00$c1\0$e01-jan-2023$fGBP37.00$g0$hP$5Uk
=FFP  \\$aY$bBLDSS-3PM
=FIN  \\$aY
=FMT  \\$a  SE
=LAS  \\$aIPL-CLA$b00$c20230930$lBLL01$h0801
=LEO  \\$aMP10.0000203318
=LET  \0$aEducational studies (Print)
=SRC  \\$aDSS01$bbibmp10.200404.2.aa
=TCO  \\$aCLA$bCLA$c008
=TOC  \\$aETOC

