=LDR  05393cas a2201249 a 4500
=001  007851131
=003  Uk
=005  20230210004424.0
=007  ta
=008  900424d19902003enkqr\p\\\\\\\0\\\a0eng\\
=015  \\$aGB9032118$2bnb
=019  c\$a2434164
=019  y\$ab9032118
=019  9\$ab9032118
=019  1\$ab9032118
=022  0\$a0958-2797
=039  0\$a2090
=040  \\$aUk$beng$cUk$dUk
=050  00$aBV2500
=082  04$a266.3$220
=130  0\$aEncounter (United Society for the Propagation of the Gospel)
=222  \0$aEncounter$b(United Society for the Propogation of the Gospel)
=245  00$aEncounter.
=246  3\$aUSPG encounter
=260  \\$aLondon :$bUnited Society for the Propagation of the Gospel,$c1990-2003.
=300  \\$a56 v.
=336  \\$atext$2rdacontent
=337  \\$aunmediated$2rdamedia
=338  \\$avolume$2rdacarrier
=362  0\$aIssue 1 (Jan. 1990)-issue 56 (Oct. 2003)
=540  \\$aCurrent Copyright Fee: GBP25.00$c0$5Uk
=610  20$aChurch of England$xMissions$vPeriodicals.
=653  \\$aAnglican missions$aSerials
=710  2\$aUnited Society for the Propagation of the Gospel.
=740  0\$aQuarterly intercession paper.
=785  00$tUSPG prayer diary$x1742-4623
=830  \0$aNetwork 21.
=852  41$aBritish Library$bHMNTS$jZK.9.a.1489$3Issue 1 (Jan. 1990)-
=886  2\$2blmarc$a092$b00$a3738.550200n
=945  \\$aENCOUNTER -LONDON- UNITED SOCIETY FOR THE PROPAGATION OF THE GOSPEL-.
=963  \\$aNO. 1, 1990- *A=1$bN$cL58.C.34
=979  \\$aBritish Library$bDSC$j3738.550200N
=985  \\$aResponsibility for ISSN transferred to IC from ISSN UK Centre, 02.02.07
=A02  \\$a2434164
=ACF  \\$aPrevious Copyright Fee: GBP12.00$c0$e01-apr-2012$fGBP12.00$g0$hC$5Uk
=ACF  \\$aPrevious Copyright Fee: GBP12.00$c0$e01-jan-2012$fGBP12.00$g0$hC$5Uk
=ACF  \\$aPrevious Copyright Fee: GBP10.50$c0$e01-oct-2011$fGBP10.50$g0$hC$5Uk
=ACF  \\$aPrevious Copyright Fee: GBP10.50$c0$e01-jul-2011$fGBP10.50$g0$hC$5Uk
=ACF  \\$aPrevious Copyright Fee: GBP10.50$c0$e01-apr-2011$fGBP10.50$g0$hC$5Uk
=ACF  \\$aPrevious Copyright Fee: GBP10.50$c0$e01-jan-2011$fGBP10.50$g0$hC$5Uk
=ACF  \\$aPrevious Copyright Fee: GBP9.00$c0$e01-oct-2010$fGBP9.00$g0$hC$5Uk
=ACF  \\$aPrevious Copyright Fee: GBP9.00$c0$e01-jul-2010$fGBP9.00$g0$hC$5Uk
=ACF  \\$aPrevious Copyright Fee: GBP9.00$c0$e01-apr-2010$fGBP9.00$g0$hC$5Uk
=ACF  \\$aPrevious Copyright Fee: GBP9.00$c0$e01-Jan-2010$fGBP9.00$g0$hC$5Uk
=ACF  \\$aPrevious Copyright Fee: GBP6.00$c0$e01-oct-2009$fGBP6.00$g0$hC$5Uk
=ACF  \\$aPrevious copyright fee: GBP5.00$c0$e01-jul-2002$fGBP5.00$g0$hC$5Uk
=ACF  \\$aCurrent copyright fee: GBP4.40$c0$e01-jul-1998$fGBP4.40$g0$hA$5Uk
=ACF  \\$aCurrent copyright fee: GBP4.20$c0$e01-apr-1997$fGBP4.20$g0$hA$5Uk
=ACF  \\$aPrevious Copyright Fee: GBP12.00$c0$e01-jul-2012$fGBP12.00$g0$hC$5Uk
=ACF  \\$aPrevious Copyright Fee: GBP12.00$c0$e01-oct-2012$fGBP12.00$g0$hC$5Uk
=ACF  \\$aPrevious Copyright Fee: GBP12.30$c0$e01-jan-2014$fGBP12.30$g0$hC$5Uk
=ACF  \\$aPrevious Copyright Fee: GBP15.00$c0$e01-jan-2017$fGBP15.00$g0$hC$5Uk
=ACF  \\$aPrevious Copyright Fee: GBP17.50$c0$e01-jan-2018$fGBP17.50$g0$hC$5Uk
=ACF  \\$aPrevious Copyright Fee: GBP20.00$c0$e01-jan-2020$fGBP20.00$g0$hC$5Uk
=ACF  \\$aPrevious Copyright Fee: GBP22.50$c0$e01-jan-2021$fGBP22.50$g0$hC$5Uk
=CAT  \\$aWR09-126
=CAT  \\$aBATCH-CLA$b00$c20110831$lBLL01$h1757
=CAT  \\$aIPL-CLA$c20110930$lBLL01$h1508
=CAT  \\$aBATCH-CLA$b00$c20111130$lBLL01$h1203
=CAT  \\$aIPL-CLA$c20111230$lBLL01$h1707
=CAT  \\$aBATCH-CLA$b00$c20120229$lBLL01$h1617
=CAT  \\$aIPL-CLA$c20120330$lBLL01$h1355
=CAT  \\$aBATCH-CLA$b00$c20120531$lBLL01$h1709
=CAT  \\$aIPL-CLA$c20120629$lBLL01$h0951
=CAT  \\$aBATCH-CLA$b00$c20120831$lBLL01$h1539
=CAT  \\$aIPL-CLA$c20120930$lBLL01$h2004
=CAT  \\$aBATCH-CLA$b00$c20121103$lBLL01$h1022
=CAT  \\$aWR13.005$c20130329$lBLL01$h1215
=CAT  \\$aBATCH-CLA$b00$c20131129$lBLL01$h1641
=CAT  \\$aIPL-CLA$c20131231$lBLL01$h1855
=CAT  \\$aWR14_140$c20140905$lBLL01$h1723
=CAT  \\$aBATCH-CLA$b00$c20161130$lBLL01$h1632
=CAT  \\$aIPL-CLA$c20161230$lBLL01$h1814
=CAT  \\$aBATCH-CLA$b00$c20171130$lBLL01$h1652
=CAT  \\$aIPL-CLA$c20171231$lBLL01$h1350
=CAT  \\$aBATCH-CLA$b00$c20191129$lBLL01$h1621
=CAT  \\$aIPL-CLA$c20191231$lBLL01$h1721
=CAT  \\$aBATCH-CLA$b00$c20201126$lBLL01$h1401
=CAT  \\$aIPL-CLA$c20201231$lBLL01$h1918
=CAT  \\$aBATCH-CLA$b00$c20221130$lBLL01$h1437
=CAT  \\$aIPL-CLA$c20221231$lBLL01$h1835
=CAT  \\$aBATCH-CLA$b00$c20230209$lBLL01$h1524
=CAT  \\$aIPL-CLA$c20230210$lBLL01$h0044
=CFI  0\$aCurrent Copyright Fee: GBP25.00$c0$e09-feb-2023$fGBP25.00$g0$hC$5Uk
=CFI  2\$aBritish Library not licensed to copy$c0$e01-jan-2023$hC$iCFP Excluded$5Uk
=FIN  \\$aY
=FMT  \\$a  SE
=LAS  \\$aIPL-CLA$b00$c20230210$lBLL01$h0044
=LEO  \\$aMP5.0000785475
=LEO  \\$aMP13.0000304608
=LEO  \\$aMP22.0000031465
=LEO  \\$aMP10.0000208195
=SRC  \\$aBNB03$bbibmp5.200404.2.ab
=SRC  \\$aHSS01$bbibmp13.200404.2.aa
=SRC  \\$aISN01$bbibmp22.200404.2.aa
=SRC  \\$aDSS01$bbibmp10.200404.2.aa
=TCO  \\$aCLA$bCLA$c008

