=LDR  02625 as a22007217a 4500
=001  007851600
=003  Uk
=005  20070807091614.0
=007  ta
=008  910618c19909999cy\qr\p\\\\\\\0\\\a0eng\\
=019  c\$a2431562
=019  0\$as574669000
=022  0\$a0959-0072
=040  \\$aUk$cUk$dUk
=082  04$a333.79$221
=084  \\$aBY 33$2blsrissc
=210  0\$aEnergy bus. rev.
=222  \0$aEnergy business review
=245  00$aEnergy business review.
=260  \\$aNicosia,$c1990-
=300  \\$c30cm.
=310  \\$aQuarterly
=336  \\$atext$2rdacontent
=337  \\$aunmediated$2rdamedia
=338  \\$avolume$2rdacarrier
=540  \\$aBritish Library not licensed to copy$c0$5Uk
=852  71$aBritish Library$bSTI$cRES$k(P)$hBY 33$m-(4)$2blsrissc$31990- ; Vol.1-***Earlier issues
=852  41$aBritish Library$bDSC$j3747.534700$3Vol. 1 (1990)-v. 7, no. 3 (1997)***UKRR Retained Title
=852  71$aBritish Library$bSTI$k(P)$hBY 33$m-E(4)$2blsrissc$31990- ; Vol.1-v.13, p.2
=945  \\$aENERGY BUSINESS REVIEW -NICOSIA-.
=959  \\$fHeld but not currently received
=985  \\$aRecord merged by DQ team
=985  \\$aISSN responsibility held by ISSN Cyprus 7/8/07
=A02  \\$a2431562
=ACF  \\$aPrevious copyright fee: GBP5.00$c0$e01-jul-2002$fGBP5.00$g0$hC$5Uk
=ACF  \\$aCurrent copyright fee: GBP2.50$c0$e01-jul-1998$fGBP2.50$g0$hC$5Uk
=ACF  \\$aCurrent copyright fee: GBP2.30$c0$e01-apr-1997$fGBP2.30$g0$hC$5Uk
=CAT  \\$aCONV$b00$c20040425$lBLL90$h0702
=CAT  \\$aCONV$b00$c20040502$lBLL01$h1233
=CAT  \\$c20041008$lBLL01$h2348
=CAT  \\$a8201$b40$c20070717$lBLL01$h0952
=CAT  \\$aISSN$b40$c20070807$lBLL01$h0916
=CAT  \\$aBATCH$b00$c20091208$lBLL01$h0258
=CAT  \\$aBATCH$b00$c20091214$lBLL01$h0312
=CAT  \\$aBATCH$b00$c20091216$lBLL01$h0053
=CAT  \\$aBATCH-UPD$b00$c20101201$lBLL01$h1212
=CAT  \\$aIPL-CLA$c20101231$lBLL01$h1204
=CAT  \\$aBATCH-UPD$b00$c20110907$lBLL01$h1754
=CAT  \\$aIPL-CLA$c20110908$lBLL01$h1707
=CAT  \\$aBATCH-UPD$b00$c20120614$lBLL01$h2145
=CAT  \\$aBATCH-CLA$b00$c20121103$lBLL01$h1022
=CAT  \\$aWR13.005$c20130329$lBLL01$h1216
=CFI  0\$aBritish Library not licensed to copy$c0$e07-sep-2011$hC$iTX$5Uk
=CFI  2\$aPrevious copyright fee: GBP10.50$c0$e01-jan-2011$fGBP10.50$g0$hA$5Uk
=FIN  \\$aY
=FMT  \\$a  SE
=LAS  \\$aWR13.005$b00$c20130329$lBLL01$h1216
=LEO  \\$aMP22.0000032070
=LEO  \\$aMP25.0000265508
=LEO  \\$aMP10.0000208920
=SRC  \\$aDSS01$bbibmp10.200404.2.aa
=TCO  \\$aXXX$c008
=TOC  \\$aETOC

