=LDR  04703cas a2201081 a 4500
=001  007852636
=003  Uk
=005  20200331160352.0
=007  ta
=008  040409c19719999xxutr\p\\\\\\\0\\\a0eng\\
=019  c\$a2066115
=019  x\$a1010670115
=022  0\$a0013-8312
=040  \\$aUk$cUk$dUk
=082  0\$a820.9002
=210  0\$aEngl. lit. renaiss.
=222  \0$aEnglish literary renaissance
=245  00$aEnglish literary renaissance.
=260  \\$a[Amherst, Mass.,$bs.n.]
=260  2\$aOxford :$bBlackwell
=264  31$a[Chicago] :$b[University of Chicago Press]
=300  \\$av. :$bill. ;$c24 cm.
=310  \\$aThree times a year,$b<2002->
=336  \\$atext$2rdacontent
=337  \\$aunmediated$2rdamedia
=338  \\$avolume$2rdacarrier
=362  0\$aVol. 1 (winter 1971)-
=500  \\$aHas also distinctive title.
=540  \\$aCurrent copyright fee: GBP32.00$c35\0$5Uk
=650  \0$aEnglish literature$yEarly modern, 1500-1700$vPeriodicals.
=650  \0$aEnglish literature$yEarly modern, 1500-1700$xHistory and criticism$vPeriodicals.
=770  0\$aEnglish literary renaissance. Supplement.
=776  0\$tEnglish literary renaissance$c(Online)$x1475-6757
=852  41$aBritish Library$bDSC$j3775.065000$3Vol. 1, no. 1 (1971)-v. 46, no. 1 (2016)***UKRR Retained Title***Stock incomplete
=852  41$aBritish Library$bHMNTS$jP.901/932.$3(Winter 1971)-v. 43, no. 1 (2013)***Items prior to 2007 available for remote supply. Items 2007 onwards available for reading room only***title now taken as electronic copy only
=856  \\$31850-9999$uhttp://onlinelibrary.wiley.com/$xBLDSS
=945  \\$aENGLISH LITERARY RENAISSANCE.
=959  \\$fHeld but not currently received
=963  \\$aVOL. 1, 1971- *A=1$bY$cP718.C.244
=985  \\$aISSN transferred from ISSN UK to US ISSN Center, 15.02.2018.
=985  \\$aRecord merged by DQ team.
=985  \\$aResponsibility for ISSN taken by ISSN UK from US ISSN Centre, 24.02.07.
=A02  \\$a2066115
=ACF  \\$aPrevious copyright fee: GBP16.00$c10\0$e01-jan-2006$fGBP16.00$g0$hP$5Uk
=ACF  \\$aPrevious copyright fee: GBP15.00$c10\0$e01-apr-2004$fGBP15.00$g0$hP$5Uk
=ACF  \\$aCurrent copyright fee: GBP13.00$c10\0$e01-apr-2003$fGBP13.00$g0$hP$5Uk
=ACF  \\$aCurrent copyright fee: GBP13.00$c10\6$e01-apr-2002$fGBP13.00$g0$hP$5Uk
=ACF  \\$aPrevious copyright fee: GBP17.00$c10\0$e01-jan-2009$fGBP17.00$g0$hP$5Uk
=ACF  \\$aPrevious copyright fee: GBP22.00$c10\0$e01-jan-2011$fGBP22.00$g0$hP$5Uk
=ACF  \\$aPrevious copyright fee: GBP15.00$c0$e01-jan-2017$fGBP15.00$g0$hA$5Uk
=ACF  \\$aPrevious copyright fee: GBP24.00$c10\0$e01-mar-2015$fGBP24.00$g0$hP$5Uk
=ACF  \\$aPrevious copyright fee: GBP24.00$c35\0$e24-jan-2017$fGBP24.00$g0$hP$5Uk
=CAT  \\$aCONV$b00$c20040425$lBLL90$h0702
=CAT  \\$aIPL-CLA$c20101231$lBLL01$h1204
=CAT  \\$a6550$b40$c20110223$lBLL01$h0825
=CAT  \\$a6550$b40$c20110223$lBLL01$h1445
=CAT  \\$aBATCH-CLA$b00$c20121103$lBLL01$h1022
=CAT  \\$aWR12_168$c20121206$lBLL01$h1809
=CAT  \\$aWR13.005$c20130329$lBLL01$h1217
=CAT  \\$a8456$b40$c20130522$lBLL01$h1239
=CAT  \\$aBLDSS-3PM$b00$c20141214$lBLL01$h1518
=CAT  \\$aBATCH-UPD$b00$c20150215$lBLL01$h1618
=CAT  \\$aIPL-CLA$c20150228$lBLL01$h2041
=CAT  \\$aBATCH-UPD$b00$c20160413$lBLL01$h1802
=CAT  \\$aBATCH-UPD$b00$c20160531$lBLL01$h0916
=CAT  \\$a5552$b40$c20161201$lBLL01$h1047
=CAT  \\$aIPL-CLA$c20161230$lBLL01$h1815
=CAT  \\$aDEL-3PM$c20170105$lBLL01$h1153
=CAT  \\$a5552$b40$c20170124$lBLL01$h0932
=CAT  \\$aBLDSS-3PM$b00$c20170203$lBLL01$h1649
=CAT  \\$aBATCH-UPD$b00$c20170203$lBLL01$h1649
=CAT  \\$a11313$b40$c20180212$lBLL01$h1115
=CAT  \\$a11313$b40$c20180215$lBLL01$h1311
=CAT  \\$aBATCH-UPD$b40$c20180219$lBLL01$h1739
=CAT  \\$aBATCH-UPD$b40$c20181121$lBLL01$h1618
=CAT  \\$aIPL-CLA$c20181231$lBLL01$h1533
=CAT  \\$aBATCH-UPD$b00$c20200219$lBLL01$h1539
=CAT  \\$aIPL-CLA$c20200331$lBLL01$h1603
=CFI  0\$aCurrent copyright fee: GBP32.00$c35\0$e01-apr-2020$fGBP32.00$g0$hP$5Uk
=CFI  2\$aPrevious copyright fee: GBP28.00$c35\0$e01-jan-2019$fGBP28.00$g0$hP$5Uk
=EST  \\$a2
=FFP  \\$aY$bBLDSS-3PM
=FIN  \\$aY
=FMT  \\$a  SE
=LAS  \\$aIPL-CLA$b00$c20200331$lBLL01$h1603
=LEO  \\$aMP1.0001199980
=LEO  \\$aMP10.0000210347
=LKR  \\$aPAR$b007852637$lBLL01$r770$mEnglish literary renaissance$nEnglish literary renaissance. Supplement.
=SRC  \\$aBLS01$bbibmp1.200404.2.ab
=SRC  \\$aDSS01$bbibmp10.200404.2.aa
=TCO  \\$aCLA$bCLA$c008
=TOC  \\$aETOC
=UNO  \\$aY

