=LDR  05702cas a2201333 a 4500
=001  007856638
=003  Uk
=005  20230930080146.0
=006  aa\\\|||||||||||||
=007  ta
=008  960814c19969999enkbr\p\\\\\\\0\\\a0eng\\
=015  \\$aGB9655892$2bnb
=019  c\$a2515538
=019  y\$ab9655892
=019  9\$ab9655892
=019  0\$as617088004
=022  0\$a1355-7858
=039  0\$a2398
=040  \\$aUk$beng$cUk$dUk
=082  04$a362.1089$223
=084  \\$aGT 10$2blsrissc
=210  0\$aEthn. health
=222  \0$aEthnicity & health
=245  00$aEthnicity & health.
=246  3\$aEthnicity and health
=260  \\$aAbingdon :$bCarfax,$c1996-
=264  31$aAbingdon :$bTaylor & Francis, an Informa Business
=300  \\$av. :$bill. ;$c25 cm.
=310  \\$aBimonthly,$b2009-
=321  \\$aQuarterly
=336  \\$atext$2rdacontent
=337  \\$aunmediated$2rdamedia
=338  \\$avolume$2rdacarrier
=362  0\$aVol. 1, no. 1 (Mar. 1996)-
=540  \\$aCurrent copyright fee: GBP46.00$c2\0$5Uk
=588  \\$aLatest issue consulted: volume 19, number 5 (October 2014).
=650  \0$aEthnic groups$xHealth and hygiene$vPeriodicals.
=650  \0$aEthnic groups$xMedical care$vPeriodicals.
=650  \0$aMedical care$xCross-cultural studies$vPeriodicals.
=653  1\$aEthnic groups$aHealth
=690  7\$aSocial Welfare$2blcoll
=776  08$iAlso issued online as:$tEthnicity & Health (Online)$x1465-3419
=852  41$aBritish Library$bDSC$j3814.840700$3Vol. 1, no. 1 (1996)-v. 17, no. 4 (2012)***UKRR Retained Title
=852  71$aBritish Library$bSTI$k(P)$hGT 10$m-E(2)$2blsrissc$3Vol. 1 (1996)-v. 20, no. 6 (2015)***Title now taken as electronic copy only
=856  \\$31850-9999$uhttp://www.tandfonline.com/$xBLDSS
=945  \\$aEthnicity and health
=957  \\$aCR
=959  \\$fHeld but not currently received
=963  \\$aCA/M-7 Vol. 1 (1996)-$bN
=985  \\$aISSN responsibility taken by US ISSN Center, 11.09.2014.
=985  \\$aRecord merged by DQ team
=ACF  \\$aPrevious copyright fee: GBP17.00$c1\0$e01-jan-2010$fGBP17.00$g0$hP$5Uk
=ACF  \\$aPrevious copyright fee: GBP16.00$c1\0$e01-jan-2009$fGBP16.00$g0$hP$5Uk
=ACF  \\$aPrevious copyright fee: GBP15.00$c1\0$e01-apr-2008$fGBP15.00$g0$hP$5Uk
=ACF  \\$aPrevious copyright fee: GBP16.00$c1\0$e01-jan-2007$fGBP16.00$g0$hP$5Uk
=ACF  \\$aPrevious copyright fee: GBP13.00$c1\0$e01-jan-2005$fGBP13.00$g0$hP$5Uk
=ACF  \\$aPrevious copyright fee: GBP11.00$c1\0$e01-jan-2004$fGBP11.00$g0$hP$5Uk
=ACF  \\$aCurrent copyright fee: GBP10.00$c1\0$e01-apr-2002$fGBP10.00$g0$hP$5Uk
=ACF  \\$aCurrent copyright fee: GBP9.00$c1\0$e01-jan-2000$fGBP9.00$g0$hP$5Uk
=ACF  \\$aPrevious copyright fee: GBP21.00$c1\0$e01-jan-2011$fGBP21.00$g0$hP$5Uk
=ACF  \\$aPrevious copyright fee: GBP23.00$c1\0$e01-jan-2012$fGBP23.00$g0$hP$5Uk
=ACF  \\$aPrevious copyright fee: GBP23.50$c1\0$e01-jan-2013$fGBP23.50$g0$hP$5Uk
=ACF  \\$aPrevious copyright fee: GBP24.00$c1\0$e01-jan-2014$fGBP24.00$g0$hP$5Uk
=ACF  \\$aPrevious copyright fee: GBP26.00$c1\0$e01-jan-2016$fGBP26.00$g0$hP$5Uk
=ACF  \\$aPrevious copyright fee: GBP25.00$c1\0$e01-jan-2015$fGBP25.00$g0$hP$5Uk
=ACF  \\$aPrevious copyright fee: GBP34.00$c1\0$e04-mar-2016$fGBP34.00$g0$hP$5Uk
=ACF  \\$aPrevious copyright fee: GBP36.00$c1\0$e01-jan-2017$fGBP36.00$g0$hP$5Uk
=ACF  \\$aPrevious copyright fee: GBP38.00$c1\0$e01-jan-2018$fGBP38.00$g0$hP$5Uk
=ACF  \\$aPrevious copyright fee: GBP40.00$c1\0$e01-jan-2019$fGBP40.00$g0$hP$5Uk
=ACF  \\$aPrevious copyright fee: GBP42.00$c1\0$e01-jan-2020$fGBP42.00$g0$hP$5Uk
=ACF  \\$aPrevious copyright fee: GBP44.00$c1\0$e01-jan-2021$fGBP44.00$g0$hP$5Uk
=CAT  \\$aWR09-126
=CAT  \\$aBLDSS-3PM$b00$c20141130$lBLL01$h1245
=CAT  \\$aIPL-CLA$c20141231$lBLL01$h1641
=CAT  \\$aBATCH-UPD$b00$c20151119$lBLL01$h1519
=CAT  \\$aIPL-CLA$c20151231$lBLL01$h1906
=CAT  \\$a11205$b40$c20160127$lBLL01$h1142
=CAT  \\$a11205$b40$c20160127$lBLL01$h1143
=CAT  \\$a11205$b40$c20160127$lBLL01$h1148
=CAT  \\$aBATCH-SWP$c20160205$lBLL01$h2207
=CAT  \\$a5552$b40$c20160304$lBLL01$h1354
=CAT  \\$aBATCH-UPD$b40$c20160413$lBLL01$h1802
=CAT  \\$aBATCH-UPD$b40$c20160609$lBLL01$h1214
=CAT  \\$aBATCH-UPD$b40$c20161122$lBLL01$h1445
=CAT  \\$aIPL-CLA$c20161230$lBLL01$h1816
=CAT  \\$aBATCH-UPD$b00$c20171121$lBLL01$h1620
=CAT  \\$aIPL-CLA$c20171231$lBLL01$h1352
=CAT  \\$aBATCH-UPD$b00$c20181217$lBLL01$h1626
=CAT  \\$aIPL-CLA$c20181231$lBLL01$h1533
=CAT  \\$aBATCH-UPD$b00$c20191122$lBLL01$h1840
=CAT  \\$aIPL-CLA$c20191231$lBLL01$h1723
=CAT  \\$aBATCH-UPD$b00$c20201118$lBLL01$h1321
=CAT  \\$aIPL-CLA$c20201231$lBLL01$h1519
=CAT  \\$aBATCH-UPD$b00$c20221121$lBLL01$h1321
=CAT  \\$aIPL-CLA$c20221231$lBLL01$h1433
=CAT  \\$aR2308-1440$c20230824$lBLL01$h0925
=CAT  \\$aIPL-CLA$c20230930$lBLL01$h0801
=CFI  0\$aCurrent copyright fee: GBP46.00$c2\0$e01-oct-2023$fGBP46.00$g0$hP$5Uk
=CFI  2\$aPrevious copyright fee: GBP46.00$c1\0$e01-jan-2023$fGBP46.00$g0$hP$5Uk
=FFP  \\$aY$bBLDSS-3PM
=FIN  \\$aY
=FMT  \\$a  SE
=LAS  \\$aIPL-CLA$b00$c20230930$lBLL01$h0801
=LEO  \\$aMP25.0000308302
=LEO  \\$aMP10.0000215962
=LEO  \\$aMP5.0000836167
=LEO  \\$aMP22.0000044788
=LET  \0$aEthnicity & health (Print)
=SRC  \\$aSRI01$bbibmp25.200404.2.aa
=SRC  \\$aBNB03$bbibmp5.200404.2.ab
=SRC  \\$aISN01$bbibmp22.200404.2.aa
=SRC  \\$aDSS01$bbibmp10.200404.2.aa
=TCO  \\$aCLA$bCLA$c008
=TOC  \\$aETOC

