=LDR  06297aas a2201357 a 4500
=001  007858714
=003  Uk
=005  20140515132607.0
=007  ta
=008  900220c19899999mdumr\p\\\\\\\0\\\a0eng\\
=015  \\$aGB9014496$2bnb
=019  y\$ab9014496
=019  9\$ab9014496
=019  c\$a2397313
=019  0\$as564300004
=022  0\$a0954-691X
=039  0\$a2076
=040  \\$aUk$cUk$dUk
=050  00$aRC801
=082  04$a616.33$221
=084  \\$aGV 55$2blsrissc
=210  0\$aEur. j. gastroenterol. hepatol.
=222  \0$aEuropean journal of gastroenterology & hepatology
=245  00$aEuropean journal of gastroenterology & hepatology.
=246  3\$aEuropean journal of gastroenterology and hepatology
=246  30$aGastroenterology & hepatology
=260  \\$aLondon :$bCurrent Science,$c1989-
=264  31$aHagerstown, Md. :$bLippincott Williams & Wilkins
=300  \\$av. :$bill. (some col.) ;$c28 cm.
=310  \\$aMonthly
=336  \\$atext$2rdacontent
=337  \\$aunmediated$2rdamedia
=338  \\$avolume$2rdacarrier
=362  0\$aVol.1, no.1 (Aug. 1989)-
=540  \\$aCurrent copyright fee: GBP32.00$c20\0$5Uk
=588  \\$aLatest issue consulted: vlume 26, issue 5 (May 2014).
=650  \0$aGastrointestinal system$xDiseases$vPeriodicals.
=650  \0$aHepatology$vPeriodicals.
=650  \0$aGastroenterology$vPeriodicals.
=653  \\$aMan$aGastrointestinal tract$aDiseases
=776  0\$tEuropean journal of gastroenterology and hepatology (Online)$x1473-5687
=852  41$aBritish Library$bDSC$j3829.729400$3Vol. 1, no. 1 (1989)-v. 23, no. 12 (2011)***UKRR Retained Title***Stock Incomplete
=852  71$aBritish Library$bSTI$k(P)$hGV 55$m-E(39)$2blsrissc$3Vol. 1 (1989)-v. 27, no. 5 (May 2015); Deficient: vol.6, no.12 (1994)***Title now taken as electronic copy only
=856  \\$31850-9999$uhttp://journals.lww.com$xBLDSS
=945  \\$aEUROPEAN JOURNAL OF GASTROENTEROLOGY AND HEPATOLOGY.
=959  \\$fHeld but not currently received
=963  \\$aVOL. 1, 1989- *A=1$bN$cP312.B.42
=985  \\$aRecord merged by SUNCAT team
=985  \\$aISSN note: responsibility for ISSN transferred from ISSN UK Centre to U.S. ISSN Center under multinational publisher agreement, 15.05.14.
=ACF  \\$aPrevious copyright fee: GBP21.65$c20\0$e01-jul-2011$fGBP21.65$g0$hP$5Uk
=ACF  \\$aPrevious copyright fee: GBP19.35$c20\0$e01-jul-2010$fGBP19.35$g0$hP$5Uk
=ACF  \\$aPrevious copyright fee: GBP18.18$c20\0$e01-oct-2009$fGBP18.18$g0$hP$5Uk
=ACF  \\$aPrevious copyright fee: GBP21.43$c20\0$e01-apr-2009$fGBP21.43$g0$hP$5Uk
=ACF  \\$aPrevious copyright fee: GBP18.75$c20\0$e01-jan-2009$fGBP18.75$g0$hP$5Uk
=ACF  \\$aPrevious copyright fee: GBP15.00$c20\0$e01-jul-2007$fGBP15.00$g0$hP$5Uk
=ACF  \\$aPrevious copyright fee: GBP15.38$c20\0$e01-apr-2007$fGBP15.38$g0$hP$5Uk
=ACF  \\$aPrevious copyright fee: GBP16.22$c20\0$e01-oct-2006$fGBP16.22$g0$hP$5Uk
=ACF  \\$aPrevious copyright fee: GBP17.14$c20\0$e01-apr-2006$fGBP17.14$g0$hP$5Uk
=ACF  \\$aPrevious copyright fee: GBP16.67$c20\0$e01-jan-2006$fGBP16.67$g0$hP$5Uk
=ACF  \\$aPrevious copyright fee: GBP16.22$c20\0$e01-apr-2005$fGBP16.22$g0$hP$5Uk
=ACF  \\$aPrevious copyright fee: GBP16.53$c20\0$e01-jan-2005$fGBP16.53$g0$hP$5Uk
=ACF  \\$aPrevious copyright fee: GBP16.08$c20\0$e01-apr-2004$fGBP16.08$g0$hP$5Uk
=ACF  \\$aCurrent copyright fee: GBP17.50$c20\0$e01-jan-2004$fGBP17.50$g0$hP$5Uk
=ACF  \\$aCurrent copyright fee: GBP15.63$c20\0$e01-jan-2003$fGBP15.63$g0$hP$5Uk
=ACF  \\$aPrevious copyright fee: GBP30.32$c20\0$e07-may-2012$fGBP30.32$g0$hP$5Uk
=ACF  \\$aPrevious copyright fee: GBP28.48$c20\0$e01-jul-2012$fGBP28.48$g0$hP$5Uk
=ACF  \\$aPrevious copyright fee: GBP29.38$c20\0$e01-jan-2013$fGBP29.38$g0$hP$5Uk
=ACF  \\$aPrevious copyright fee: GBP30.32$c20\0$e01-jul-2013$fGBP30.32$g0$hP$5Uk
=ACF  \\$aPrevious copyright fee: GBP29.38$c20\0$e01-jan-2014$fGBP29.38$g0$hP$5Uk
=ACF  \\$aPrevious copyright fee: GBP28.48$c20\0$e01-jul-2014$fGBP28.48$g0$hP$5Uk
=ACF  \\$aPrevious copyright fee: GBP30.32$c20\0$e01-apr-2015$fGBP30.32$g0$hP$5Uk
=ACF  \\$aPrevious copyright fee: GBP31.33$c20\0$e01-jul-2015$fGBP31.33$g0$hP$5Uk
=CAT  \\$aWR09-126
=CAT  \\$aWR12_168$c20121206$lBLL01$h1809
=CAT  \\$aIPL-CLA$c20121231$lBLL01$h1244
=CAT  \\$aIPL-CLA$c20130102$lBLL01$h1646
=CAT  \\$aWR13.005$c20130329$lBLL01$h1223
=CAT  \\$aBATCH-UPD$b00$c20130522$lBLL01$h1717
=CAT  \\$aIPL-CLA$c20130701$lBLL01$h0000
=CAT  \\$aBATCH-UPD$b00$c20131119$lBLL01$h2006
=CAT  \\$aIPL-CLA$c20131231$lBLL01$h1859
=CAT  \\$a11315$b40$c20140514$lBLL01$h1431
=CAT  \\$a11315$b40$c20140515$lBLL01$h1323
=CAT  \\$a11315$b40$c20140515$lBLL01$h1326
=CAT  \\$aBATCH-UPD$b40$c20140527$lBLL01$h2034
=CAT  \\$aBATCH-CLA$c20140528$lBLL01$h1724
=CAT  \\$aIPL-CLA$c20140630$lBLL01$h1657
=CAT  \\$aBLDSS-3PM$b00$c20141116$lBLL01$h1730
=CAT  \\$aBATCH-UPD$b00$c20150219$lBLL01$h1727
=CAT  \\$aIPL-CLA$c20150331$lBLL01$h1616
=CAT  \\$aBATCH-UPD$b00$c20150520$lBLL01$h1737
=CAT  \\$aIPL-CLA$c20150630$lBLL01$h1633
=CAT  \\$aBATCH-UPD$b00$c20150820$lBLL01$h1823
=CAT  \\$aIPL-CLA$c20150930$lBLL01$h1743
=CAT  \\$aBATCH-UPD$b00$c20160217$lBLL01$h1711
=CAT  \\$aIPL-CLA$c20160331$lBLL01$h1700
=CAT  \\$aBATCH-UPD$b00$c20160524$lBLL01$h2154
=CAT  \\$aBATCH-UPD$b00$c20160524$lBLL01$h2228
=CFI  0\$aCurrent copyright fee: GBP32.00$c20\0$e01-apr-2016$fGBP32.00$g0$hP$5Uk
=CFI  2\$aPrevious copyright fee: GBP30.32$c20\0$e01-oct-2015$fGBP30.32$g0$hP$5Uk
=FFP  \\$aY$bBLDSS-3PM
=FIN  \\$aY
=FMT  \\$a  SE
=LAS  \\$aBATCH-UPD$b00$c20160524$lBLL01$h2228
=LEO  \\$aMP25.0000255041
=LEO  \\$aMP5.0000783880
=LEO  \\$aMP22.0000028325
=LEO  \\$aMP10.0000219192
=LKR  \\$aPAR$b011459776$lBLL01$nEuropean journal of gastroente$mEuropean journal of gastroente$r776
=SRC  \\$aSRI01$bbibmp25.200404.2.aa
=SRC  \\$aBNB03$bbibmp5.200404.2.ab
=SRC  \\$aISN01$bbibmp22.200404.2.aa
=SRC  \\$aDSS01$bbibmp10.200404.2.aa
=TCO  \\$aCLA$bCLA$c008
=TOC  \\$aETOC
=UNO  \\$aY

