=LDR  06243cas a2201393 a 4500
=001  007858794
=003  Uk
=005  20230930080147.0
=007  ta
=008  821222c19829999enkqx\p\\\\\\\0\\\a0eng\\
=015  \\$aGB8335889$2bnb
=019  c\$a2222755
=019  y\$ab8335889
=019  9\$ab8335889
=019  1\$ab8335889
=022  0\$a0261-9768
=039  0\$a1758
=040  \\$aUk$beng$cUk$dUk
=041  0\$aeng$bfre$bger$bspa
=042  \\$aukblsr
=043  \\$ae------
=050  00$aLB1723
=082  04$a370.71094$219
=210  0\$aEur. j. teach. educ.$b(Print)
=222  \0$aEuropean journal of teacher education$b(Print)
=245  00$aEuropean journal of teacher education.
=260  \\$aAbingdon :$bCarfax,$c1982-
=264  31$aAbingdon :$bRoutledge, Taylor & Francis
=300  \\$av. ;$c26 cm.
=310  \\$aFive times a year,$b2016-
=321  \\$aQuarterly,$b2006-2015
=321  \\$aThrice-annual
=336  \\$atext$2rdacontent
=337  \\$aunmediated$2rdamedia
=338  \\$avolume$2rdacarrier
=362  0\$aVol. 5, no. 1-2 (1982)-
=515  \\$aSome numbers issued in combined form.
=540  \\$aCurrent copyright fee: GBP37.00$c2\0$5Uk
=546  \\$aArticles in English; summaries in English, French, German and Spanish.
=550  \\$aJournal of the Association for Teacher Education in Europe.
=588  \\$aDescription based on: Vol. 5, no. 3 (1982).
=588  \\$aLatest issue consulted: volume 37, number 2 (May 2014).
=595  \\$aFORMERLY 7891.28 UP TO VOL. 4, 1982 SEE ALSO SERIAL RECORDS DFE AND SCE.
=650  \0$aTeachers$xTraining of$zEurope$vPeriodicals.
=653  \\$aEurope$aTeachers$aProfessional education$aSerials
=710  2\$aAssociation for Teacher Education in Europe.
=776  08$iAlso issued online as:$tEuropean journal of teacher education (Online)$x1469-5928
=780  00$tRevue ATEE$x0379-606X
=852  41$aBritish Library$bDSC$j3829.746000$3Vol. 5, no. 1 (1982)-v. 35, no. 4 (2012)***UKRR Retained Title
=852  41$aBritish Library$bHMNTS$jP.521/3833$3Vol. 5, no. 1/2 (1982)-v. 38, no. 4 (2015)***title now taken as electronic copy only
=856  \\$31850-9999$uhttp://www.tandfonline.com/$xBLDSS
=945  \\$aEUROPEAN JOURNAL OF TEACHER EDUCATION.
=959  \\$fHeld but not currently received
=963  \\$aVOL. 5, 1982- *A=1$bY$cP240.B.152
=985  \\$aRecord merged by DQ team
=985  \\$aISSN note: responsibility transferred from UK to US under multinational publisher agreement. 30.06.14.
=ACF  \\$aPrevious copyright fee: GBP17.00$c1\0$e01-jan-2010$fGBP17.00$g0$hP$5Uk
=ACF  \\$aPrevious copyright fee: GBP16.00$c1\0$e01-jan-2009$fGBP16.00$g0$hP$5Uk
=ACF  \\$aPrevious copyright fee: GBP15.00$c1\0$e01-apr-2008$fGBP15.00$g0$hP$5Uk
=ACF  \\$aPrevious copyright fee: GBP16.00$c1\0$e01-jan-2007$fGBP16.00$g0$hP$5Uk
=ACF  \\$aPrevious copyright fee: GBP13.00$c1\0$e01-jan-2005$fGBP13.00$g0$hP$5Uk
=ACF  \\$aPrevious copyright fee: GBP11.00$c1\0$e01-jan-2004$fGBP11.00$g0$hP$5Uk
=ACF  \\$aCurrent copyright fee: GBP10.00$c1\0$e01-apr-2002$fGBP10.00$g0$hP$5Uk
=ACF  \\$aCurrent copyright fee: GBP9.00$c1\0$e01-jan-2000$fGBP9.00$g0$hP$5Uk
=ACF  \\$aPrevious copyright fee: GBP21.00$c1\0$e01-jan-2011$fGBP21.00$g0$hP$5Uk
=ACF  \\$aPrevious copyright fee: GBP23.00$c1\0$e01-jan-2012$fGBP23.00$g0$hP$5Uk
=ACF  \\$aPrevious copyright fee: GBP23.50$c1\0$e01-jan-2013$fGBP23.50$g0$hP$5Uk
=ACF  \\$aPrevious copyright fee: GBP24.00$c1\0$e01-jan-2014$fGBP24.00$g0$hP$5Uk
=ACF  \\$aPrevious copyright fee: GBP25.00$c1\0$e01-jan-2015$fGBP25.00$g0$hP$5Uk
=ACF  \\$aPrevious copyright fee: GBP26.00$c1\0$e01-jan-2016$fGBP26.00$g0$hP$5Uk
=ACF  \\$aPrevious copyright fee: GBP28.00$c1\0$e01-jan-2017$fGBP28.00$g0$hP$5Uk
=ACF  \\$aPrevious copyright fee: GBP30.00$c1\0$e01-jan-2018$fGBP30.00$g0$hP$5Uk
=ACF  \\$aPrevious copyright fee: GBP32.00$c1\0$e01-jan-2019$fGBP32.00$g0$hP$5Uk
=ACF  \\$aPrevious copyright fee: GBP34.00$c1\0$e01-jan-2020$fGBP34.00$g0$hP$5Uk
=ACF  \\$aPrevious copyright fee: GBP35.00$c1\0$e01-jan-2021$fGBP35.00$g0$hP$5Uk
=CAT  \\$aCONV$b00$c20040425$lBLL90$h0702
=CAT  \\$a11315$b40$c20140625$lBLL01$h1129
=CAT  \\$a11315$b40$c20140630$lBLL01$h1001
=CAT  \\$aBATCH-UPD$b40$c20141124$lBLL01$h1740
=CAT  \\$aBLDSS-3PM$b00$c20141130$lBLL01$h1245
=CAT  \\$aIPL-CLA$c20141231$lBLL01$h1641
=CAT  \\$aBATCH-UPD$b00$c20151119$lBLL01$h1519
=CAT  \\$aIPL-CLA$c20151231$lBLL01$h1906
=CAT  \\$a11205$b40$c20160229$lBLL01$h1704
=CAT  \\$a11205$b40$c20160229$lBLL01$h1706
=CAT  \\$aBATCH-UPD$b40$c20160413$lBLL01$h1802
=CAT  \\$aBATCH-UPD$b40$c20160812$lBLL01$h1132
=CAT  \\$aBATCH-UPD$b40$c20161122$lBLL01$h1442
=CAT  \\$aIPL-CLA$c20161230$lBLL01$h1817
=CAT  \\$aBATCH-UPD$b00$c20171121$lBLL01$h1622
=CAT  \\$aIPL-CLA$c20171231$lBLL01$h1352
=CAT  \\$aBATCH-UPD$b00$c20181217$lBLL01$h1628
=CAT  \\$aIPL-CLA$c20181231$lBLL01$h1533
=CAT  \\$aBATCH-UPD$b00$c20191122$lBLL01$h1841
=CAT  \\$aIPL-CLA$c20191231$lBLL01$h1723
=CAT  \\$aBATCH-UPD$b00$c20201118$lBLL01$h1323
=CAT  \\$aIPL-CLA$c20201231$lBLL01$h1519
=CAT  \\$aBATCH-UPD$b00$c20221121$lBLL01$h1318
=CAT  \\$aIPL-CLA$c20221231$lBLL01$h1433
=CAT  \\$aR2308-1440$c20230824$lBLL01$h0925
=CAT  \\$aIPL-CLA$c20230930$lBLL01$h0801
=CFI  0\$aCurrent copyright fee: GBP37.00$c2\0$e01-oct-2023$fGBP37.00$g0$hP$5Uk
=CFI  2\$aPrevious copyright fee: GBP37.00$c1\0$e01-jan-2023$fGBP37.00$g0$hP$5Uk
=FFP  \\$aY$bBLDSS-3PM
=FIN  \\$aY
=FMT  \\$a  SE
=LAS  \\$aIPL-CLA$b00$c20230930$lBLL01$h0801
=LEO  \\$aMP5.0000531920
=LEO  \\$aMP13.0000272704
=LEO  \\$aMP22.0000009924
=LEO  \\$aMP10.0000219340
=LET  \0$aEuropean journal of teacher education (Print)
=LKR  \\$aPAR$b010654259$lBLL01$r78000$mEuropean journal of teacher education$nRevue ATEE
=SRC  \\$aBNB03$bbibmp5.200404.2.aa
=SRC  \\$aHSS01$bbibmp13.200404.2.aa
=SRC  \\$aISN01$bbibmp22.200404.2.aa
=SRC  \\$aDSS01$bbibmp10.200404.2.aa
=TCO  \\$aCLA$bCLA$c008
=TOC  \\$aETOC

