=LDR  04858cas a22011657a 4500
=001  007860273
=003  Uk
=005  20230426110701.0
=007  ta
=008  840626d194720uunjumr\p\\\\\\\0\\\a0eng\\
=019  0\$as224279009
=019  c\$a2068419
=022  \\$a0014-3820
=040  \\$aUk$cUk$dUk
=082  04$a338.47004094$221
=084  \\$aCH 10$2blsrissc
=130  0\$aEvolution (Lawrence, Kan.)
=210  0\$aEvolution
=222  \0$aEvolution
=245  10$aEvolution.
=260  \\$aLawrence, Kansas :$bSociety for the Study of Evolution,$c1947-
=260  2\$aMalden, MA ;$aOxford :$bBlackwell, on behalf of the Society for the Study of Evolution
=264  31$aHoboken, NJ :$bWiley
=300  \\$av. :$bill., maps ;$c26 cm.
=310  \\$aMonthly,$b2001-
=321  \\$aQuarterly,$b1947-1979
=321  \\$aBimonthly,$b1980-1988
=321  \\$a8 no. a year,$b1989-1991
=321  \\$aBimonthly,$b1992-2000
=336  \\$atext$2rdacontent
=337  \\$aunmediated$2rdamedia
=338  \\$avolume$2rdacarrier
=362  1\$aBegan in 1947.
=500  \\$a"International journal of organic evolution."
=510  2\$aChemical abstracts$x0009-2258
=515  \\$aSome issues combined; some issued in parts.
=540  \\$aCurrent Copyright Fee: GBP34.00$c29\0$5Uk
=595  \\$aSHARED STOCK 1997-2006.
=650  \0$aEvolution$vPeriodicals.
=650  \0$aHeredity$vPeriodicals.
=690  7\$aManagement and Business Studies$2blcoll
=710  2\$aSociety for the Study of Evolution.
=770  0\$aSociety for the Study of Evolution.$tMembership directory$x1058-6822
=776  08$iContinued online:$tEvolution (Lancaster, Pa. : Online)$x1558-5646
=852  41$aBritish Library$bDSC$j3834.000000$3Vol. 1 (1947)-v. 66, no. 12 (2012)***UKRR Retained Title
=852  71$aBritish Library$bSTI$k(P)$hCH 10$m-E(1)$2blsrissc$3Vol. 1 (1947)-v. 67, no. 5 (2013)***Items prior to 2007 available for remote supply. Items 2007 onwards available for reading room only***title now taken as electronic copy only
=856  \\$31850-9999$uhttp://onlinelibrary.wiley.com/$xBLDSS
=945  \\$aEvolution -Lawrence Kansas-
=959  \\$fHeld but not currently received
=963  \\$aCA/U15 VOL. 1, 1947- *A=1$bY
=964  \\$aVOL. 1, 1947- *A=1$c575$dO$eTU721
=985  \\$aRecord merged by SUNCAT team
=985  \\$aISSN responsibility retained by U.S. Center to close the ISSN record - printed version never published by OUP.
=ACF  \\$aCurrent copyright fee: GBP2.50$c0$e01-jul-1998$fGBP2.50$g0$hC$5Uk
=ACF  \\$aCurrent copyright fee: GBP2.30$c0$e01-apr-1997$fGBP2.30$g0$hC$5Uk
=ACF  \\$aPrevious Copyright Fee: GBP5.00$c0$e01-jul-2002$fGBP5.00$g0$hA$5Uk
=ACF  \\$aPrevious Copyright Fee: GBP22.00$c10\0$e13-mar-2007$fGBP22.00$g0$hP$5Uk
=ACF  \\$aPrevious copyright fee: GBP24.00$c10\0$e01-mar-2015$fGBP24.00$g0$hP$5Uk
=ACF  \\$aPrevious copyright fee: GBP24.00$c35\0$e07-mar-2017$fGBP24.00$g0$hP$5Uk
=ACF  \\$aPrevious copyright fee: GBP28.00$c35\0$e01-jan-2019$fGBP28.00$g0$hP$5Uk
=CAT  \\$aCONV$b00$c20040425$lBLL90$h0702
=CAT  \\$aWR12_168$c20121206$lBLL01$h1834
=CAT  \\$aWR13.005$c20130329$lBLL01$h1225
=CAT  \\$a8456$b40$c20130523$lBLL01$h1550
=CAT  \\$aBLDSS-3PM$b00$c20141214$lBLL01$h1518
=CAT  \\$aBATCH-UPD$b00$c20150215$lBLL01$h1619
=CAT  \\$aIPL-CLA$c20150228$lBLL01$h2041
=CAT  \\$aBATCH-UPD$b00$c20160413$lBLL01$h1802
=CAT  \\$aBATCH-UPD$b00$c20170304$lBLL01$h1029
=CAT  \\$aW1703-0316$c20170306$lBLL01$h1822
=CAT  \\$aW1703-0316$c20170307$lBLL01$h1645
=CAT  \\$aIPL-CLA$c20170307$lBLL01$h1823
=CAT  \\$aBATCH-UPD$b00$c20180219$lBLL01$h1739
=CAT  \\$aBATCH-UPD$b00$c20181121$lBLL01$h1618
=CAT  \\$aIPL-CLA$c20181231$lBLL01$h1533
=CAT  \\$aR1911-0245$c20191127$lBLL01$h0821
=CAT  \\$aR1911-0245$c20191127$lBLL01$h1044
=CAT  \\$aIPL-CLA$c20191231$lBLL01$h1724
=CAT  \\$a10806$b40$c20230221$lBLL01$h0911
=CAT  \\$a10806$b40$c20230221$lBLL01$h1235
=CAT  \\$a10806$b40$c20230221$lBLL01$h1239
=CAT  \\$a10806$b40$c20230222$lBLL01$h0850
=CAT  \\$aS2302-1302$c20230323$lBLL01$h1443
=CAT  \\$aIPL-CLA$c20230331$lBLL01$h1545
=CAT  \\$aS2304-0519$c20230412$lBLL01$h1138
=CAT  \\$aBATCH-SUPP$c20230426$lBLL01$h1107
=CFI  0\$aCurrent Copyright Fee: GBP34.00$c29\0$e01-apr-2023$fGBP34.00$g0$hP$5Uk
=CFI  2\$aPrevious Copyright Fee: GBP32.00$c35\0$e01-jan-2020$fGBP32.00$g0$hP$5Uk
=EST  \\$a2
=FFP  \\$aY$bBLDSS-3PM
=FIN  \\$aY
=FMT  \\$a  SE
=LAS  \\$aBATCH-SUPP$b00$c20230426$lBLL01$h1107
=LEO  \\$aMP25.0000086657
=LEO  \\$aMP10.0000221427
=SRC  \\$aSRI01$bbibmp25.200404.2.aa
=SRC  \\$aDSS01$bbibmp10.200404.2.aa
=TCO  \\$aTRS$bCCC$c008
=TOC  \\$aETOC
=UNO  \\$aY

