=LDR  04249aas a2201021 a 4500
=001  007862143
=003  Uk
=005  20191231172432.0
=007  ta
=008  040410c19919999mauar\\\\\\\\\0\\\a0eng\\
=019  c\$a2490187
=022  \\$a1533-6077
=040  \\$aUk$beng$cUk$dUk
=082  04$a100$222
=210  0\$aPhilos. issues.
=222  \0$aPhilosophical issues
=245  00$aPhilosophical issues.
=260  \\$aAtascadero, Calif. :$bRidgeview Pub. Co.,$c1991-
=260  2\$aBoston, Mass. ;$aOxford :$bWiley-Blackwell
=264  31$a[Malden, MA] :$bWiley Periodicals, Inc.
=310  \\$aAnnual
=336  \\$atext$2rdacontent
=337  \\$aunmediated$2rdamedia
=338  \\$avolume$2rdacarrier
=500  \\$aEach issue has also an individual title.
=540  \\$aCurrent Copyright Fee: GBP32.00$c35\0$5Uk
=595  \\$aSEE ALSO CARD INDEX.
=650  \0$aPhilosophy$vPeriodicals.
=700  1\$31991-<1998>,$aVillanueva, Enrique,$eeditor.
=710  2\$31991-$aSociedad Filosófica Ibero Americana,
=772  1\$tNoûs (Detroit, Mich.)$g2000-$x0029-4624
=776  08$iAlso issued online as:$tPhilosophical issues$x1758-2237
=852  41$aBritish Library$bDSC$j6461.789000$3Vol. 1 (1991)-issue 20 (2010)***UKRR Retained Title***Stock Incomplete
=856  \\$31850-9999$uhttp://onlinelibrary.wiley.com/$xBLDSS
=945  \\$aPhilosophical issues
=959  \\$fHeld but not currently received
=985  \\$aCorrected by MS generated file for WR# 12.018
=985  \\$aResponsibility for ISSN taken by ISSN UK from NSDP, 03.07.08
=985  \\$aResponsibility for ISSN transferred to US ISSN Center from ISSN UK Centre, 05/03/12
=A02  \\$a2490187
=ACF  \\$aPrevious copyright fee: GBP16.00$c10\0$e01-jan-2006$fGBP16.00$g0$hP$5Uk
=ACF  \\$aPrevious copyright fee: GBP15.00$c10\0$e01-apr-2004$fGBP15.00$g0$hP$5Uk
=ACF  \\$aCurrent copyright fee: GBP13.00$c10\0$e01-apr-2003$fGBP13.00$g0$hP$5Uk
=ACF  \\$aCurrent copyright fee: GBP13.00$c10\6$e01-apr-2002$fGBP13.00$g0$hP$5Uk
=ACF  \\$aPrevious copyright fee: GBP17.00$c10\0$e01-jan-2009$fGBP17.00$g0$hP$5Uk
=ACF  \\$aPrevious copyright fee: GBP22.00$c10\0$e01-jan-2011$fGBP22.00$g0$hP$5Uk
=ACF  \\$aPrevious copyright fee: GBP24.00$c10\0$e01-mar-2015$fGBP24.00$g0$hP$5Uk
=ACF  \\$aPrevious copyright fee: GBP24.00$c35\0$e07-mar-2017$fGBP24.00$g0$hP$5Uk
=CAT  \\$aCONV$b00$c20040425$lBLL90$h0708
=CAT  \\$aIPL-CLA$c20101231$lBLL01$h1208
=CAT  \\$a10806$b40$c20120305$lBLL01$h1411
=CAT  \\$a10806$b40$c20120305$lBLL01$h1412
=CAT  \\$aBLSS-CORR$b00$c20120724$lBLL01$h1755
=CAT  \\$aBATCH-CLA$b00$c20121103$lBLL01$h1020
=CAT  \\$aWR13.005$c20130329$lBLL01$h1227
=CAT  \\$a8323$b40$c20130524$lBLL01$h1421
=CAT  \\$a8323$b40$c20130524$lBLL01$h1444
=CAT  \\$a5508$b40$c20140403$lBLL01$h1056
=CAT  \\$aBLDSS-3PM$b00$c20141214$lBLL01$h1518
=CAT  \\$aBATCH-UPD$b00$c20141214$lBLL01$h1712
=CAT  \\$aBATCH-UPD$b00$c20150215$lBLL01$h1619
=CAT  \\$aIPL-CLA$c20150228$lBLL01$h2041
=CAT  \\$aBATCH-UPD$b00$c20151115$lBLL01$h0732
=CAT  \\$aBATCH-UPD$b00$c20160413$lBLL01$h1803
=CAT  \\$aBATCH-UPD$b00$c20170302$lBLL01$h1720
=CAT  \\$aW1703-0316$c20170306$lBLL01$h1822
=CAT  \\$aW1703-0316$c20170307$lBLL01$h1645
=CAT  \\$aIPL-CLA$c20170307$lBLL01$h1823
=CAT  \\$aBATCH-UPD$b00$c20180219$lBLL01$h1739
=CAT  \\$aBATCH-UPD$b00$c20181121$lBLL01$h1618
=CAT  \\$aIPL-CLA$c20181231$lBLL01$h1533
=CAT  \\$aR1911-0245$c20191127$lBLL01$h0821
=CAT  \\$aR1911-0245$c20191127$lBLL01$h1044
=CAT  \\$aIPL-CLA$c20191231$lBLL01$h1724
=CFI  0\$aCurrent Copyright Fee: GBP32.00$c35\0$e01-jan-2020$fGBP32.00$g0$hP$5Uk
=CFI  2\$aPrevious copyright fee: GBP28.00$c35\0$e01-jan-2019$fGBP28.00$g0$hP$5Uk
=EST  \\$a2
=FFP  \\$aY$bBLDSS-3PM
=FIN  \\$aY
=FMT  \\$a  SE
=LAS  \\$aIPL-CLA$b00$c20191231$lBLL01$h1724
=LEO  \\$aMP10.0000438300
=LKR  \\$aPAR$b013952615$lBLL01$r776$mPhilosophical issues (Print)$nPhilosophical issues (Online)
=MIS  \\$ak-sep
=SRC  \\$aDSS01$bbibmp10.200404.2.aa
=TCO  \\$aTRS$bCCC$c008
=TOC  \\$aETOC
=UNO  \\$aY

