=LDR  05890cas a2201345 a 4500
=001  007864108
=003  Uk
=005  20230930080150.0
=006  aa\\\|||||||||||||
=007  ta
=008  880127c19869999enkqx\p\\\\\\\0\\\a0eng\\
=015  \\$aGB8810675$2bnb
=019  y\$ab8810675
=019  9\$ab8810675
=019  1\$ab8810675
=019  c\$a2332184
=022  0\$a0269-7459
=039  0\$a1974
=040  \\$aUk$beng$cUk$dUk
=042  \\$aukblsr
=043  \\$ae-uk---
=050  00$aHT169.G7
=082  04$a307.1205$223
=210  0\$aPlan. pract. res.$b(Print)
=222  \0$aPlanning practice + research$b(Print)
=245  00$aPlanning practice + research.
=246  3\$aPlanning practice and research
=246  3\$aPlanning practice & research
=260  \\$aFishponds :$bDepartment of Town Planning, Bristol Polytechnic,$c1986-
=264  31$aAbingdon :$bRoutledge Journals, an imprint of Taylor & Francis, an Informa Business
=300  \\$av. :$bill. ;$c30 cm.
=310  \\$aFive times a year
=321  \\$aIrregular
=336  \\$atext$2rdacontent
=337  \\$aunmediated$2rdamedia
=338  \\$avolume$2rdacarrier
=362  0\$aNo. 1 (Sept. 1986)-
=540  \\$aCurrent copyright fee: GBP37.00$c2\0$5Uk
=588  \\$aLatest issue consulted: volume 29, issue 3 (June 2014).
=650  \0$aCity planning$zGreat Britain$vPeriodicals.
=653  \\$aGreat Britain$aTown planning$aSerials
=690  7\$aSocial Welfare$2blcoll
=710  2\$aBristol Polytechnic.$bDepartment of Town and Country Planning.
=776  0\$tPlanning, practice & research (Online)$x1360-0583
=852  41$aBritish Library$bDSC$j6509.252600$3Vol. 1 (1986)-v. 26, no. 4 (2011)***UKRR Retained Title***Stock Incomplete
=852  41$aBritish Library$bHMNTS$jZC.9.b.1936$3No. 1 (Sep. 1986)-v. 30, no. 5 (Oct. 2015)***title now taken as electronic copy only
=856  \\$31850-9999$uhttp://www.tandfonline.com/$xBLDSS
=945  \\$aPLANNING PRACTICE AND RESEARCH.
=959  \\$fHeld but not currently received
=963  \\$a[VOL.] 1, 1986- *A=1$bY$cL437.B.1194
=985  \\$aISSN responsibility taken by US ISSN Center, 11.09.2014.
=985  \\$aRecord merged by DQ team
=A02  \\$a2332184
=ACF  \\$aPrevious copyright fee: GBP17.00$c1\0$e01-jan-2010$fGBP17.00$g0$hP$5Uk
=ACF  \\$aPrevious copyright fee: GBP16.00$c1\0$e01-jan-2009$fGBP16.00$g0$hP$5Uk
=ACF  \\$aPrevious copyright fee: GBP15.00$c1\0$e01-apr-2008$fGBP15.00$g0$hP$5Uk
=ACF  \\$aPrevious copyright fee: GBP16.00$c1\0$e01-jan-2007$fGBP16.00$g0$hP$5Uk
=ACF  \\$aPrevious copyright fee: GBP13.00$c1\0$e01-jan-2005$fGBP13.00$g0$hP$5Uk
=ACF  \\$aPrevious copyright fee: GBP11.00$c1\0$e01-jan-2004$fGBP11.00$g0$hP$5Uk
=ACF  \\$aCurrent copyright fee: GBP10.00$c1\0$e01-apr-2002$fGBP10.00$g0$hP$5Uk
=ACF  \\$aCurrent copyright fee: GBP9.00$c1\0$e01-jan-2000$fGBP9.00$g0$hP$5Uk
=ACF  \\$aPrevious copyright fee: GBP21.00$c1\0$e01-jan-2011$fGBP21.00$g0$hP$5Uk
=ACF  \\$aPrevious copyright fee: GBP23.00$c1\0$e01-jan-2012$fGBP23.00$g0$hP$5Uk
=ACF  \\$aPrevious copyright fee: GBP23.50$c1\0$e01-jan-2013$fGBP23.50$g0$hP$5Uk
=ACF  \\$aPrevious copyright fee: GBP24.00$c1\0$e01-jan-2014$fGBP24.00$g0$hP$5Uk
=ACF  \\$aPrevious copyright fee: GBP25.00$c1\0$e01-jan-2015$fGBP25.00$g0$hP$5Uk
=ACF  \\$aPrevious copyright fee: GBP26.00$c1\0$e01-jan-2016$fGBP26.00$g0$hP$5Uk
=ACF  \\$aPrevious copyright fee: GBP28.00$c1\0$e01-jan-2017$fGBP28.00$g0$hP$5Uk
=ACF  \\$aPrevious copyright fee: GBP30.00$c1\0$e01-jan-2018$fGBP30.00$g0$hP$5Uk
=ACF  \\$aPrevious copyright fee: GBP32.00$c1\0$e01-jan-2019$fGBP32.00$g0$hP$5Uk
=ACF  \\$aPrevious copyright fee: GBP34.00$c1\0$e01-jan-2020$fGBP34.00$g0$hP$5Uk
=ACF  \\$aPrevious copyright fee: GBP35.00$c1\0$e01-jan-2021$fGBP35.00$g0$hP$5Uk
=CAT  \\$aWR09-126
=CAT  \\$a11313$b40$c20140911$lBLL01$h0901
=CAT  \\$aBATCH-UPD$b40$c20141124$lBLL01$h1740
=CAT  \\$aBLDSS-3PM$b00$c20141130$lBLL01$h1245
=CAT  \\$aIPL-CLA$c20141231$lBLL01$h1641
=CAT  \\$aBATCH-UPD$b00$c20151119$lBLL01$h1520
=CAT  \\$aIPL-CLA$c20151231$lBLL01$h1906
=CAT  \\$a10806$b40$c20160128$lBLL01$h1400
=CAT  \\$a10806$b40$c20160128$lBLL01$h1404
=CAT  \\$aBATCH-SWP$c20160205$lBLL01$h2207
=CAT  \\$aBATCH-UPD$b00$c20160413$lBLL01$h1803
=CAT  \\$aBATCH-UPD$b00$c20160907$lBLL01$h1009
=CAT  \\$aBATCH-UPD$b00$c20161122$lBLL01$h1442
=CAT  \\$aIPL-CLA$c20161230$lBLL01$h1818
=CAT  \\$aBATCH-UPD$b00$c20171121$lBLL01$h1622
=CAT  \\$aIPL-CLA$c20171231$lBLL01$h1354
=CAT  \\$aBATCH-UPD$b00$c20181217$lBLL01$h1628
=CAT  \\$aIPL-CLA$c20181231$lBLL01$h1533
=CAT  \\$aBATCH-UPD$b00$c20191122$lBLL01$h1841
=CAT  \\$aIPL-CLA$c20191231$lBLL01$h1725
=CAT  \\$aBATCH-UPD$b00$c20201118$lBLL01$h1323
=CAT  \\$aIPL-CLA$c20201231$lBLL01$h1519
=CAT  \\$aBATCH-UPD$b00$c20221121$lBLL01$h1318
=CAT  \\$aIPL-CLA$c20221231$lBLL01$h1433
=CAT  \\$aR2308-1440$c20230824$lBLL01$h0925
=CAT  \\$aIPL-CLA$c20230930$lBLL01$h0801
=CFI  0\$aCurrent copyright fee: GBP37.00$c2\0$e01-oct-2023$fGBP37.00$g0$hP$5Uk
=CFI  2\$aPrevious copyright fee: GBP37.00$c1\0$e01-jan-2023$fGBP37.00$g0$hP$5Uk
=FFP  \\$aY$bBLDSS-3PM
=FIN  \\$aY
=FMT  \\$a  SE
=LAS  \\$aIPL-CLA$b00$c20230930$lBLL01$h0801
=LEO  \\$aMP22.0000017301
=LEO  \\$aMP5.0000767281
=LEO  \\$aMP13.0000290681
=LEO  \\$aMP10.0000441115
=LKR  \\$aPAR$b013358165$lBLL01$r776$mPlanning practice and research (Print)$nPlanning practice and research (Online)
=SRC  \\$aISN01$bbibmp22.200404.2.aa
=SRC  \\$aBNB03$bbibmp5.200404.2.ab
=SRC  \\$aHSS01$bbibmp13.200404.2.aa
=SRC  \\$aDSS01$bbibmp10.200404.2.aa
=TCO  \\$aCLA$bCLA$c008
=TOC  \\$aETOC

