=LDR  07964cas a2201645 a 4500
=001  007866239
=003  Uk
=005  20230209233119.0
=006  ab\\\|||||||||||||
=007  ta
=008  960627c19829999xxufr\p\\\\\\\0\\\a0eng\\
=015  \\$aGB9653054$2bnb
=019  y\$ab9653054
=019  9\$ab9653054
=019  1\$ab9653054
=019  c\$a2259305
=022  0\$a0730-9384
=039  0\$a2397
=040  \\$aUk$cUk$dUk
=082  04$a320.01$220
=210  0\$aPolit. life sci.
=222  \0$aPolitics and the life sciences
=245  00$aPolitics and the life sciences.
=246  3\$aPLS
=260  \\$aGuildford (10 Watford Close, Guildford, Surrey, GU1 2EP) :$bBeech Tree,$c1982-
=264  21$32000-$a[United States] :$bAssociation for Politics and the Life Sciences
=264  31$32016-$a[New York, NY?] :$bCambridge University Press
=300  \\$av. :$bmaps ;$c28 cm.
=310  \\$aSemiannual
=336  \\$atext$2rdacontent
=337  \\$aunmediated$2rdamedia
=338  \\$avolume$2rdacarrier
=362  0\$aVol.1, no.1 (July 1982)-
=500  \\$aOn cover verso: " ... the journal of the Association for Politics and the Life Sciences.".
=500  \\$aVariant title: PLS.
=500  \\$aDescription based on: vol.15, no.1 (Mar. 1996)
=540  \\$aCurrent Copyright Fee: GBP22.50$c0$5Uk
=588  \\$aLatest issue consulted: vol. 35, no. 2 (Fall 2016).
=650  \0$aBiopolitics$xPeriodicals.
=650  \0$aHuman behavior$xPeriodicals.
=650  \0$aBiology$xPeriodicals.
=650  \0$aPolitical science$xPeriodicals.
=653  1\$aPolitics
=653  1\$aBiology
=710  2\$aAssociation for Politics and the Life Sciences (U.S.)
=776  08$iAlso issued online as:$tPolitics and the life sciences$x1471-5457
=852  41$aBritish Library$bHMNTS$jZC.9.a.4549$3Holdings: vol. 15 no. 1 (March 1996)-
=852  41$aBritish Library$bDSC$j6543.941850$3Vol. 2, no. 1 (1983/84)-v. 40, no. 2 (2021)***UKRR Retained Title***Stock Incomplete
=945  \\$aPOLITICS AND THE LIFE SCIENCES.
=959  \\$fHeld but not currently received
=963  \\$aVOL. 1, 1982- *A=1$bN$cP200.B.226
=985  \\$aRecord merged by DQ team
=985  \\$aCONFERENCE ANALYTIC RECORDS EXIST
=985  \\$aISSN responsibility transfer in progress (Richard, 16/05/17)
=A02  \\$a2259305
=ACF  \\$aPrevious Copyright Fee: GBP12.00$c0$e01-apr-2012$fGBP12.00$g0$hC$5Uk
=ACF  \\$aPrevious Copyright Fee: GBP12.00$c0$e01-jan-2012$fGBP12.00$g0$hC$5Uk
=ACF  \\$aPrevious Copyright Fee: GBP10.50$c0$e01-oct-2011$fGBP10.50$g0$hC$5Uk
=ACF  \\$aPrevious Copyright Fee: GBP10.50$c0$e01-jul-2011$fGBP10.50$g0$hC$5Uk
=ACF  \\$aPrevious Copyright Fee: GBP10.50$c0$e01-apr-2011$fGBP10.50$g0$hC$5Uk
=ACF  \\$aPrevious Copyright Fee: GBP10.50$c0$e01-jan-2011$fGBP10.50$g0$hC$5Uk
=ACF  \\$aPrevious Copyright Fee: GBP9.00$c0$e01-oct-2010$fGBP9.00$g0$hC$5Uk
=ACF  \\$aPrevious Copyright Fee: GBP9.00$c0$e01-jul-2010$fGBP9.00$g0$hC$5Uk
=ACF  \\$aPrevious Copyright Fee: GBP9.00$c0$e01-apr-2010$fGBP9.00$g0$hC$5Uk
=ACF  \\$aPrevious Copyright Fee: GBP9.00$c0$e01-Jan-2010$fGBP9.00$g0$hC$5Uk
=ACF  \\$aPrevious Copyright Fee: GBP6.00$c0$e01-oct-2009$fGBP6.00$g0$hC$5Uk
=ACF  \\$aPrevious Copyright Fee: GBP6.00$c0$e01-jul-2009$fGBP6.00$g0$hC$5Uk
=ACF  \\$aPrevious Copyright Fee: GBP6.00$c0$e01-apr-2009$fGBP6.00$g0$hC$5Uk
=ACF  \\$aPrevious Copyright Fee: GBP6.00$c0$e01-jan-2009$fGBP6.00$g0$hC$5Uk
=ACF  \\$aBritish Library not licensed to copy$c0$e01-oct-2008$hC$iCLA Excluded$5Uk
=ACF  \\$aPrevious Copyright Fee: GBP6.00$c0$e01-jul-2008$fGBP6.00$g0$hC$5Uk
=ACF  \\$aPrevious Copyright Fee: GBP6.00$c0$e01-apr-2008$fGBP6.00$g0$hC$5Uk
=ACF  \\$aPrevious Copyright Fee: GBP6.00$c0$e01-jan-2008$fGBP6.00$g0$hC$5Uk
=ACF  \\$aPrevious Copyright Fee: GBP5.00$c0$e01-oct-2007$fGBP5.00$g0$hC$5Uk
=ACF  \\$aPrevious Copyright Fee: GBP5.00$c0$e01-jul-2007$fGBP5.00$g0$hC$5Uk
=ACF  \\$aPrevious Copyright Fee: GBP5.00$c0$e01-apr-2007$fGBP5.00$g0$hC$5Uk
=ACF  \\$aPrevious Copyright Fee: GBP5.00$c0$e01-jan-2007$fGBP5.00$g0$hC$5Uk
=ACF  \\$aPrevious Copyright Fee: GBP5.00$c0$e01-oct-2006$fGBP5.00$g0$hC$5Uk
=ACF  \\$aPrevious Copyright Fee: GBP5.00$c0$e01-jul-2006$fGBP5.00$g0$hC$5Uk
=ACF  \\$aPrevious Copyright Fee: GBP5.00$c0$e01-apr-2006$fGBP5.00$g0$hC$5Uk
=ACF  \\$aPrevious Copyright Fee: GBP5.00$c0$e01-jan-2006$fGBP5.00$g0$hC$5Uk
=ACF  \\$aPrevious Copyright Fee: GBP5.00$c0$e01-oct-2005$fGBP5.00$g0$hC$5Uk
=ACF  \\$aPrevious Copyright Fee: GBP5.00$c0$e01-jul-2005$fGBP5.00$g0$hC$5Uk
=ACF  \\$aPrevious Copyright Fee: GBP5.00$c0$e01-apr-2005$fGBP5.00$g0$hC$5Uk
=ACF  \\$aPrevious Copyright Fee: GBP5.00$c0$e01-jan-2005$fGBP5.00$g0$hC$5Uk
=ACF  \\$aPrevious Copyright Fee: GBP5.00$c0$e01-oct-2004$fGBP5.00$g0$hC$5Uk
=ACF  \\$aPrevious copyright fee: GBP5.00$c0$e01-jul-2002$fGBP5.00$g0$hC$5Uk
=ACF  \\$aCurrent copyright fee: GBP1.90$c0$e01-apr-1997$fGBP1.90$g0$hC$5Uk
=ACF  \\$aPrevious Copyright Fee: GBP12.00$c0$e01-jul-2012$fGBP12.00$g0$hC$5Uk
=ACF  \\$aPrevious Copyright Fee: GBP12.00$c0$e01-oct-2012$fGBP12.00$g0$hC$5Uk
=ACF  \\$aPrevious Copyright Fee: GBP12.30$c0$e01-jan-2014$fGBP12.30$g0$hC$5Uk
=ACF  \\$aPrevious Copyright Fee: GBP1.45$c0$e01-jul-2014$fGBP1.45$g0$hC$5Uk
=ACF  \\$aPrevious Copyright Fee: GBP0.00$c0$e01-jan-2015$fGBP0.00$g0$hC$5Uk
=ACF  \\$aBritish Library not licensed to copy$c0$e01-jul-2015$hC$iCFP Excluded$5Uk
=ACF  \\$aPrevious copyright fee: GBP25.00$c43\0$e01-jul-2016$fGBP25.00$g0$hP$5Uk
=ACF  \\$aPrevious Copyright Fee: GBP17.50$c0$e01-apr-2019$fGBP17.50$g0$hA$5Uk
=ACF  \\$aPrevious Copyright Fee: GBP10.00$c0$e01-jul-2019$fGBP10.00$g0$hC$5Uk
=ACF  \\$aPrevious Copyright Fee: GBP22.50$c0$e01-apr-2021$fGBP22.50$g0$hC$5Uk
=CAT  \\$aCONV$b00$c20040425$lBLL90$h0708
=CAT  \\$aWR14_140$c20140905$lBLL01$h1723
=CAT  \\$a10806$b40$c20140924$lBLL01$h1409
=CAT  \\$aBATCH-CLA$b00$c20141128$lBLL01$h0926
=CAT  \\$aIPL-CLA$c20141231$lBLL01$h1641
=CAT  \\$aBATCH-CLA$b00$c20150529$lBLL01$h1528
=CAT  \\$aIPL-CLA$c20150630$lBLL01$h1633
=CAT  \\$a5552$b40$c20160603$lBLL01$h1106
=CAT  \\$aIPL-CLA$c20160630$lBLL01$h1603
=CAT  \\$aBATCH-UPD$b00$c20160705$lBLL01$h2158
=CAT  \\$aBLDSS-3PM$b00$c20160707$lBLL01$h1648
=CAT  \\$aBATCH-UPD$b00$c20160707$lBLL01$h1651
=CAT  \\$a10806$b40$c20170516$lBLL01$h1342
=CAT  \\$a10806$b40$c20170516$lBLL01$h1350
=CAT  \\$a5997$b40$c20170517$lBLL01$h1316
=CAT  \\$aW1902-1304$c20190314$lBLL01$h1238
=CAT  \\$aBATCH-UPD$b00$c20190314$lBLL01$h1617
=CAT  \\$aIPL-CLA$c20190331$lBLL01$h1721
=CAT  \\$aDEL-3PM$c20190409$lBLL01$h0903
=CAT  \\$aBATCH-CLA$b00$c20190531$lBLL01$h1623
=CAT  \\$aIPL-CLA$c20190630$lBLL01$h1525
=CAT  \\$aBATCH-CLA$b00$c20210227$lBLL01$h1014
=CAT  \\$aIPL-CLA$c20210331$lBLL01$h1655
=CAT  \\$a6558$b40$c20210809$lBLL01$h1126
=CAT  \\$aBATCH-CLA$b00$c20221130$lBLL01$h1449
=CAT  \\$aIPL-CLA$c20221231$lBLL01$h1434
=CAT  \\$aBATCH-CLA$b00$c20230209$lBLL01$h1536
=CAT  \\$aIPL-CLA$c20230209$lBLL01$h2331
=CFI  0\$aCurrent Copyright Fee: GBP22.50$c0$e09-feb-2023$fGBP22.50$g0$hC$5Uk
=CFI  2\$aBritish Library not licensed to copy$c0$e01-jan-2023$hC$iCFP Excluded$5Uk
=FIN  \\$aY
=FMT  \\$a  SE
=LAS  \\$aIPL-CLA$b00$c20230209$lBLL01$h2331
=LEO  \\$aMP5.0000835935
=LEO  \\$aMP13.0000337873
=LEO  \\$aMP10.0000444024
=LKR  \\$aPAR$b012919786$lBLL01$r776$mPolitics and the life sciences (Print)$nPolitics and the life sciences (Online)
=SRC  \\$aBNB03$bbibmp5.200404.2.ab
=SRC  \\$aHSS01$bbibmp13.200404.2.aa
=SRC  \\$aDSS01$bbibmp10.200404.2.aa
=TCO  \\$aCLA$bCLA$c008
=TOC  \\$aETOC

