=LDR  07915cas a2201609 a 4500
=001  007867973
=003  Uk
=005  20230511162606.0
=007  ta
=008  820720c19219999ncumr\p\\\\\\\0\\\a0eng\\
=019  0\$as206979002
=019  c\$a2126499
=022  \\$a0032-5791
=040  \\$aUk$beng$cUk$dUk
=042  \\$aukblsr
=082  04$a636.5$221
=084  \\$aED 90$2blsrissc
=210  0\$aPoult. sci.$b(Print)
=222  \0$aPoultry science$b(Print)
=245  00$aPoultry science.
=260  \\$aUrbana, Ill. :$bPoultry Science Association,$c1929-
=264  31$32014-$aCary, NC :$bOxford University Press
=300  \\$av. :$bill. ;$c27 cm.
=310  \\$aMonthly
=321  \\$aBimonthly,$b<Sept. 1975->
=336  \\$atext$2rdacontent
=337  \\$aunmediated$2rdamedia
=338  \\$avolume$2rdacarrier
=362  0\$av. 1- Oct./Nov. 1921-
=500  \\$aPlace of publication varies.
=540  \\$aCurrent copyright fee: zero$c5\1$5Uk
=550  \\$aOfficial journal of the Poultry Science Association Inc.
=588  \\$aLatest issue consulted: volume 93, number 1 (January 2014).
=650  \0$aPoultry$vPeriodicals.
=710  2\$aPoultry Science Association.
=710  2\$aAmerican Association of Instructors and Investigators in Poultry Husbandry.
=710  2\$aSouthern Poultry Science Society.
=710  22$aPoultry Science Association.$bMeeting.
=710  22$aSouthern Poultry Science Society.$bMeeting.
=776  08$iAlso issued online as:$tPoultry science (Online)$x1525-3171
=780  00$tJournal of the American Association of Instructors and Investigators in Poultry Husbandry
=852  41$aBritish Library$bDSC$j6571.000000$3Vol. 1 (1921)-v. 93, no. 12 (2014)***UKRR Retained Title***Stock Incomplete
=852  71$aBritish Library$bSTI$k(P)$hED 90$m-E(6)$2blsrissc$3Vol. 9 (1929)-v. 93, no. 12 (2014)***UKRR Retained Title
=856  \\$31850-9999$uhttp://ukcatalogue.oup.com/$xBLDSS
=945  \\$aPOULTRY SCIENCE.
=959  \\$fHeld but not currently received
=963  \\$aCA/U-11 VOL. 1, 1921- 68, 1989 *A=1$bY
=968  \\$aC
=985  \\$aISSN responsibility taken by ISSN UK (multinational publisher agreement), February 21 2014.
=985  \\$aRecord merged by DQ team
=985  \\$aCONFERENCE ANALYTIC RECORDS EXIST
=985  \\$aISSN transferred to Netherlands (Richard, 24/11/20)
=A02  \\$a2126499
=ACF  \\$aPrevious copyright fee: GBP19.00$c29\0$e01-jan-2018$fGBP19.00$g0$hP$5Uk
=ACF  \\$aPrevious Copyright Fee: GBP3.23$c0$e01-apr-2012$fGBP3.23$g0$hC$5Uk
=ACF  \\$aPrevious Copyright Fee: GBP3.00$c0$e01-jan-2012$fGBP3.00$g0$hC$5Uk
=ACF  \\$aPrevious Copyright Fee: GBP3.00$c0$e01-oct-2011$fGBP3.00$g0$hC$5Uk
=ACF  \\$aPrevious Copyright Fee: GBP3.00$c0$e01-jul-2011$fGBP3.00$g0$hC$5Uk
=ACF  \\$aPrevious Copyright Fee: GBP3.00$c0$e01-apr-2011$fGBP3.00$g0$hC$5Uk
=ACF  \\$aPrevious Copyright Fee: GBP3.00$c0$e01-jan-2011$fGBP3.00$g0$hC$5Uk
=ACF  \\$aPrevious Copyright Fee: GBP3.00$c0$e01-oct-2010$fGBP3.00$g0$hC$5Uk
=ACF  \\$aPrevious Copyright Fee: GBP3.00$c0$e01-jul-2010$fGBP3.00$g0$hC$5Uk
=ACF  \\$aPrevious Copyright Fee: GBP3.00$c0$e01-apr-2010$fGBP3.00$g0$hC$5Uk
=ACF  \\$aPrevious Copyright Fee: GBP3.00$c0$e01-Jan-2010$fGBP3.00$g0$hC$5Uk
=ACF  \\$aPrevious Copyright Fee: GBP3.00$c0$e01-oct-2009$fGBP3.00$g0$hC$5Uk
=ACF  \\$aPrevious Copyright Fee: GBP3.57$c0$e01-jul-2009$fGBP3.57$g0$hC$5Uk
=ACF  \\$aPrevious Copyright Fee: GBP3.57$c0$e01-apr-2009$fGBP3.57$g0$hC$5Uk
=ACF  \\$aPrevious Copyright Fee: GBP3.13$c0$e01-jan-2009$fGBP3.13$g0$hC$5Uk
=ACF  \\$aPrevious Copyright Fee: GBP2.00$c0$e01-oct-2008$fGBP2.00$g0$hC$5Uk
=ACF  \\$aPrevious Copyright Fee: GBP2.00$c0$e01-jul-2008$fGBP2.00$g0$hC$5Uk
=ACF  \\$aPrevious Copyright Fee: GBP2.00$c0$e01-apr-2008$fGBP2.00$g0$hC$5Uk
=ACF  \\$aPrevious Copyright Fee: GBP2.00$c0$e01-jan-2008$fGBP2.00$g0$hC$5Uk
=ACF  \\$aPrevious Copyright Fee: GBP2.00$c0$e01-oct-2007$fGBP2.00$g0$hC$5Uk
=ACF  \\$aPrevious Copyright Fee: GBP2.00$c0$e01-jul-2007$fGBP2.00$g0$hC$5Uk
=ACF  \\$aPrevious Copyright Fee: GBP2.05$c0$e01-apr-2007$fGBP2.05$g0$hC$5Uk
=ACF  \\$aPrevious Copyright Fee: GBP2.16$c0$e01-jan-2007$fGBP2.16$g0$hC$5Uk
=ACF  \\$aPrevious Copyright Fee: GBP2.16$c0$e01-oct-2006$fGBP2.16$g0$hC$5Uk
=ACF  \\$aPrevious Copyright Fee: GBP2.29$c0$e01-jul-2006$fGBP2.29$g0$hC$5Uk
=ACF  \\$aPrevious Copyright Fee: GBP2.29$c0$e01-apr-2006$fGBP2.29$g0$hC$5Uk
=ACF  \\$aPrevious Copyright Fee: GBP2.22$c0$e01-jan-2006$fGBP2.22$g0$hC$5Uk
=ACF  \\$aPrevious Copyright Fee: GBP2.16$c0$e01-oct-2005$fGBP2.16$g0$hC$5Uk
=ACF  \\$aPrevious Copyright Fee: GBP2.16$c0$e01-jul-2005$fGBP2.16$g0$hC$5Uk
=ACF  \\$aPrevious Copyright Fee: GBP2.16$c0$e01-apr-2005$fGBP2.16$g0$hC$5Uk
=ACF  \\$aPrevious Copyright Fee: GBP2.22$c0$e01-jan-2005$fGBP2.22$g0$hC$5Uk
=ACF  \\$aPrevious Copyright Fee: GBP2.16$c0$e01-oct-2004$fGBP2.16$g0$hC$5Uk
=ACF  \\$aPrevious copyright fee: GBP2.16$c0$e01-apr-2004$fGBP2.16$g0$hC$5Uk
=ACF  \\$aCurrent copyright fee: GBP2.35$c0$e01-jan-2004$fGBP2.35$g0$hC$5Uk
=ACF  \\$aCurrent copyright fee: GBP2.50$c0$e01-apr-2003$fGBP2.50$g0$hC$5Uk
=ACF  \\$aPrevious Copyright Fee: GBP3.03$c0$e01-jul-2012$fGBP3.03$g0$hC$5Uk
=ACF  \\$aPrevious Copyright Fee: GBP3.23$c0$e01-oct-2012$fGBP3.23$g0$hC$5Uk
=ACF  \\$aPrevious Copyright Fee: GBP3.13$c0$e01-jan-2013$fGBP3.13$g0$hC$5Uk
=ACF  \\$aPrevious Copyright Fee: GBP3.23$c0$e01-jul-2013$fGBP3.23$g0$hC$5Uk
=ACF  \\$aPrevious Copyright Fee: GBP6.00$c0$e01-oct-2013$fGBP6.00$g0$hC$5Uk
=ACF  \\$aPrevious Copyright Fee: GBP15.00$c29\0$e01-jan-2014$fGBP15.00$g0$hP$5Uk
=ACF  \\$aPrevious copyright fee: GBP16.00$c29\0$e01-jan-2015$fGBP16.00$g0$hP$5Uk
=ACF  \\$aPrevious copyright fee: GBP17.00$c29\0$e01-jan-2016$fGBP17.00$g0$hP$5Uk
=ACF  \\$aPrevious copyright fee: GBP18.00$c29\0$e01-jan-2017$fGBP18.00$g0$hP$5Uk
=CAT  \\$aCONV$b00$c20040425$lBLL90$h0708
=CAT  \\$aIPL-CLA$c20131231$lBLL01$h1903
=CAT  \\$a8124$b40$c20140129$lBLL01$h1222
=CAT  \\$a8124$b40$c20140129$lBLL01$h1225
=CAT  \\$a11205$b40$c20140206$lBLL01$h1418
=CAT  \\$a11313$b40$c20140221$lBLL01$h0726
=CAT  \\$aCDS15-UPD$b40$c20140821$lBLL01$h1642
=CAT  \\$a5552$b40$c20141029$lBLL01$h1355
=CAT  \\$aBLDSS-3PM$b00$c20141208$lBLL01$h1622
=CAT  \\$aIPL-CLA$c20141231$lBLL01$h1641
=CAT  \\$aBATCH-UPD$b00$c20151119$lBLL01$h1553
=CAT  \\$aBATCH-UPD$b00$c20151119$lBLL01$h1554
=CAT  \\$aBATCH-UPD$b00$c20151213$lBLL01$h1327
=CAT  \\$aIPL-CLA$c20151231$lBLL01$h1906
=CAT  \\$aBATCH-UPD$b00$c20160524$lBLL01$h2207
=CAT  \\$aBATCH-UPD$b00$c20160524$lBLL01$h2350
=CAT  \\$aBATCH-UPD$b00$c20161122$lBLL01$h1516
=CAT  \\$aIPL-CLA$c20161230$lBLL01$h1819
=CAT  \\$aBATCH-UPD$b00$c20171121$lBLL01$h1659
=CAT  \\$aIPL-CLA$c20171231$lBLL01$h1355
=CAT  \\$aBATCH-UPD$b00$c20181217$lBLL01$h1654
=CAT  \\$aIPL-CLA$c20181231$lBLL01$h1533
=CAT  \\$a12654$b40$c20200109$lBLL01$h1538
=CAT  \\$aBATCH-UNOD$c20200114$lBLL01$h2340
=CAT  \\$a10806$b40$c20201124$lBLL01$h0900
=CAT  \\$a10806$b40$c20201201$lBLL01$h0822
=CAT  \\$aBATCH-FIX$c20230511$lBLL01$h1626
=CFI  0\$aCurrent copyright fee: zero$c5\1$e09-jan-2020$fGBP0.00$g0$hP$5Uk
=CFI  2\$aPrevious copyright fee: GBP20.00$c29\0$e01-jan-2019$fGBP20.00$g0$hP$5Uk
=FFP  \\$aY$bBLDSS-3PM
=FIN  \\$aY
=FMT  \\$a  SE
=LAS  \\$aBATCH-FIX$b00$c20230511$lBLL01$h1626
=LEO  \\$aMP25.0000077644
=LEO  \\$aMP10.0000446336
=LET  \0$aPoultry science (Print)
=SRC  \\$aSRI01$bbibmp25.200404.2.aa
=SRC  \\$aDSS01$bbibmp10.200404.2.aa
=TCO  \\$aTRS$bCCC$c008
=TOC  \\$aETOC

