=LDR  06038cas a2201333 a 4500
=001  007871970
=003  Uk
=005  20211231153601.0
=007  ta
=008  771001c18599999ne\br\p\\\\\\\0\\\a0eng\\
=019  c\$a2128444
=019  0\$as001182005
=019  x\$a198044014X
=022  0\$a0016-7878
=030  \\$aPGAEAH
=040  \\$aUk$cUk$dUk
=082  04$a550$221
=084  \\$aNX 020$2blsrissc
=210  0\$aProc. Geol. Assoc.
=222  \0$aProceedings of the Geologists' Association
=245  00$aProceedings of the Geologists' Association.
=260  \\$aColchester :$bBenham,$c1859-
=260  2\$aLondon :$bGeologists' Association
=264  31$aAmsterdam :$bPublished for the Geologists Association by Elsevier
=300  \\$av. :$bill. ;$c22 cm.
=310  \\$aBimonthly
=321  \\$aQuarterly
=336  \\$atext$2rdacontent
=337  \\$aunmediated$2rdamedia
=338  \\$avolume$2rdacarrier
=362  0\$aVol. 1 (1859/65)-
=540  \\$aCurrent copyright fee: GBP34.30$c5\1$5Uk
=588  \\$aLatest issue consulted: volume 125, issues 5/6 (December 2014).
=595  \\$aAbsorbs 1279.500 see also Serial Records KCS HUM and DOE/DT.
=650  \0$aGeology$zGreat Britain.
=710  2\$aGeologists' Association.
=776  0\$tProceedings of the Geologists' Association (Online)
=852  41$aBritish Library$bHMNTS$jAc.3172.$3Vol. 1 (1859/65)-v. 21 (1910)
=852  41$aBritish Library$bDSC$j6704.000000$3Vol. 1 (1859)-v. 125, Issue 6 (2014)***Stock incomplete. Deficient: Vol. 123, Issue 6 (2012)***UKRR Retained Title
=852  71$aBritish Library$bSTI$k(P)$hNX 020$m-E(1)$2blsrissc$3Vol. 22 (1911)- v. 126 pt. 1 (2015)***Title now taken as electronic copy
=856  \\$31850-9999$uhttp://www.elsevier.com/journals$xBLDSS
=945  \\$aProceedings- Geologists Association
=959  \\$fHeld but not currently received
=963  \\$aVOL. 1, 1859- *A=1$bY$cP365.C.56
=964  \\$aVOL. 1, 1865- *A=1$c551$eTL3819
=985  \\$aISSN responsibility taken by ISSN Netherlands, February 26 2015.
=985  \\$aRecord merged by DQ team
=A02  \\$a2128444
=ACF  \\$aPrevious Copyright Fee: GBP20.00$c0$e01-jan-2009$fGBP20.00$g0$hC$5Uk
=ACF  \\$aPrevious Copyright Fee: GBP6.00$c0$e01-oct-2008$fGBP6.00$g0$hC$5Uk
=ACF  \\$aPrevious Copyright Fee: GBP6.00$c0$e01-jul-2008$fGBP6.00$g0$hC$5Uk
=ACF  \\$aPrevious Copyright Fee: GBP6.00$c0$e01-apr-2008$fGBP6.00$g0$hC$5Uk
=ACF  \\$aPrevious Copyright Fee: GBP6.00$c0$e01-jan-2008$fGBP6.00$g0$hC$5Uk
=ACF  \\$aPrevious Copyright Fee: GBP5.00$c0$e01-oct-2007$fGBP5.00$g0$hC$5Uk
=ACF  \\$aPrevious Copyright Fee: GBP5.00$c0$e01-jul-2007$fGBP5.00$g0$hC$5Uk
=ACF  \\$aPrevious Copyright Fee: GBP5.00$c0$e01-apr-2007$fGBP5.00$g0$hC$5Uk
=ACF  \\$aPrevious Copyright Fee: GBP5.00$c0$e01-jan-2007$fGBP5.00$g0$hC$5Uk
=ACF  \\$aPrevious Copyright Fee: GBP5.00$c0$e01-oct-2006$fGBP5.00$g0$hC$5Uk
=ACF  \\$aPrevious Copyright Fee: GBP5.00$c0$e01-jul-2006$fGBP5.00$g0$hC$5Uk
=ACF  \\$aPrevious Copyright Fee: GBP5.00$c0$e01-apr-2006$fGBP5.00$g0$hC$5Uk
=ACF  \\$aPrevious Copyright Fee: GBP5.00$c0$e01-jan-2006$fGBP5.00$g0$hC$5Uk
=ACF  \\$aPrevious Copyright Fee: GBP5.00$c0$e01-oct-2005$fGBP5.00$g0$hC$5Uk
=ACF  \\$aPrevious Copyright Fee: GBP5.00$c0$e01-jul-2005$fGBP5.00$g0$hC$5Uk
=ACF  \\$aPrevious Copyright Fee: GBP5.00$c0$e01-apr-2005$fGBP5.00$g0$hC$5Uk
=ACF  \\$aPrevious Copyright Fee: GBP5.00$c0$e01-jan-2005$fGBP5.00$g0$hC$5Uk
=ACF  \\$aPrevious Copyright Fee: GBP5.00$c0$e01-oct-2004$fGBP5.00$g0$hC$5Uk
=ACF  \\$aPrevious copyright fee: GBP5.00$c0$e02-sep-1998$fGBP5.00$g0$hC$5Uk
=ACF  \\$aCurrent copyright fee: GBP4.60$c0$e01-apr-1997$fGBP4.60$g0$hC$5Uk
=ACF  \\$aPrevious Copyright Fee: GBP20.00$c5\1$e30-mar-2009$fGBP20.00$g0$hP$5Uk
=ACF  \\$aPrevious copyright fee: GBP21.00$c5\1$e01-jan-2012$fGBP21.00$g0$hP$5Uk
=ACF  \\$aPrevious copyright fee: GBP22.50$c5\1$e01-jan-2013$fGBP22.50$g0$hP$5Uk
=ACF  \\$aPrevious copyright fee: GBP23.40$c5\1$e01-jan-2018$fGBP23.40$g0$hP$5Uk
=CAT  \\$aCONV$b00$c20040425$lBLL90$h0708
=CAT  \\$aCDS-UPD$b40$c20091208$lBLL01$h2209
=CAT  \\$aCDS-UPD$b40$c20091208$lBLL01$h2233
=CAT  \\$aBATCH$b00$c20091214$lBLL01$h0315
=CAT  \\$aBATCH$b00$c20091216$lBLL01$h0055
=CAT  \\$aWR11_155$c20111021$lBLL01$h1324
=CAT  \\$aWR11_155$c20111114$lBLL01$h1645
=CAT  \\$aBATCH-UPD$b00$c20111123$lBLL01$h1849
=CAT  \\$aIPL-CLA$c20111230$lBLL01$h1715
=CAT  \\$aBATCH-CLA$b00$c20121104$lBLL01$h1042
=CAT  \\$aBATCH-UPD$b00$c20121121$lBLL01$h1653
=CAT  \\$aIPL-CLA$c20121231$lBLL01$h1245
=CAT  \\$aIPL-CLA$c20130102$lBLL01$h1647
=CAT  \\$aBATCH-CLA$b00$c20140125$lBLL01$h1321
=CAT  \\$aBATCH-CLA$c20140225$lBLL01$h2314
=CAT  \\$aBLDSS-3PM$b00$c20141222$lBLL01$h1709
=CAT  \\$a8124$b40$c20150122$lBLL01$h1250
=CAT  \\$a11313$b40$c20150226$lBLL01$h1035
=CAT  \\$a11316$b40$c20150401$lBLL01$h0936
=CAT  \\$aBATCH-UPD$b40$c20170725$lBLL01$h1801
=CAT  \\$aBATCH-UPD$b40$c20171121$lBLL01$h1737
=CAT  \\$aIPL-CLA$c20171231$lBLL01$h1356
=CAT  \\$aBATCH-UPD$b00$c20190521$lBLL01$h1430
=CAT  \\$aIPL-CLA$c20190630$lBLL01$h1525
=CAT  \\$aBATCH-UPD$b00$c20211119$lBLL01$h1548
=CAT  \\$aIPL-CLA$c20211231$lBLL01$h1536
=CFI  0\$aCurrent copyright fee: GBP34.30$c5\1$e01-jan-2022$fGBP34.30$g0$hP$5Uk
=CFI  2\$aPrevious copyright fee: GBP32.84$c5\1$e01-jul-2019$fGBP32.84$g0$hP$5Uk
=FFP  \\$aY$bBLDSS-3PM
=FIN  \\$aY
=FMT  \\$a  SE
=LAS  \\$aIPL-CLA$b00$c20211231$lBLL01$h1536
=LEO  \\$aMP25.0000000071
=LEO  \\$aMP22.0000000820
=LEO  \\$aMP10.0000452124
=LEO  \\$aMP1.0002364380
=SRC  \\$aBLS01$bbibmp1.200404.2.ac
=SRC  \\$aSRI01$bbibmp25.200404.2.aa
=SRC  \\$aISN01$bbibmp22.200404.2.aa
=SRC  \\$aDSS01$bbibmp10.200404.2.aa
=TCO  \\$aCLA$bCLA$c008
=TOC  \\$aETOC

