=LDR  07182cas a2201501 a 4500
=001  007879723
=003  Uk
=005  20211231153604.0
=007  ta
=008  760602d1959200ustk\x\p\\\\\\\0\\\a0eng\\
=019  c\$a2132012
=019  0\$as103414002
=019  x\$a2533300101
=022  0\$a0079-6352
=040  \\$aUk$cUk$dUk
=082  04$a660.62$221
=084  \\$aDC 00$2blsrissc
=084  \\$aDD 60$2blsrissc
=210  0\$aProg. ind. microbiol.
=222  \0$aProgress in industrial microbiology
=245  00$aProgress in industrial microbiology.
=260  \\$aEdinburgh ;$aLondon :$bChurchill Livingstone,$c1959-
=300  \\$av. :$bill. ;$c26 cm.
=310  \\$aIrregular
=336  \\$atext$2rdacontent
=337  \\$aunmediated$2rdamedia
=338  \\$avolume$2rdacarrier
=362  0\$aVol. 1 (1959)-
=362  1\$aCeased in 2003?
=500  \\$aPublished: New York: Interscience, v. 1-3; London: Gordon & Breach, v. 4-5; London: Dorset House, v. 6; London: Churchill, v. 7-9; Edinburgh: Churchill Livingstone, v. 10-13; Amsterdam: Elsevier, v. 14-
=500  \\$aEditor: Vol. 1 (1959)-v. 13, D.J.D. Hockenhull.
=540  \\$aCurrent copyright fee: GBP34.30$c5\1$5Uk
=650  \0$aIndustrial microbiology.
=700  1\$aHockenhull, D.J.D.
=852  41$aBritish Library$bDSC$j6868.500000$3Vol. 1 (1959)-2007***UKRR Retained Title
=852  41$aBritish Library$bHMNTS$jPP.3190.KBF$31959- *A=1
=852  71$aBritish Library$bSTI$k(P)$hDC 00$m-E(2)$2blsrissc$3Vol. 1 (1959)-v. 37 (2003)
=856  \\$31850-9999$uhttp://www.elsevier.com/journals$xBLDSS
=945  \\$aPROGRESS IN INDUSTRIAL MICROBIOLOGY.
=959  \\$fHeld but not currently received
=963  \\$aCA/U-2 VOL. 1, 1959- *A=1$bN
=964  \\$aVOL. 1, 1959- *A=1$c663/664$dO$eJP90977
=968  \\$bx
=985  \\$aRecord merged by DQ team
=985  \\$aISSN responsibility held by ISSN Netherlands
=A02  \\$a2132012
=ACF  \\$aPrevious Copyright Fee: GBP20.00$c0$e01-apr-2012$fGBP20.00$g0$hC$5Uk
=ACF  \\$aPrevious Copyright Fee: GBP20.00$c0$e01-jan-2012$fGBP20.00$g0$hC$5Uk
=ACF  \\$aPrevious Copyright Fee: GBP20.00$c0$e01-oct-2011$fGBP20.00$g0$hC$5Uk
=ACF  \\$aPrevious Copyright Fee: GBP20.00$c0$e01-jul-2011$fGBP20.00$g0$hC$5Uk
=ACF  \\$aPrevious Copyright Fee: GBP20.00$c0$e01-apr-2011$fGBP20.00$g0$hC$5Uk
=ACF  \\$aPrevious Copyright Fee: GBP20.00$c0$e01-jan-2011$fGBP20.00$g0$hC$5Uk
=ACF  \\$aPrevious Copyright Fee: GBP20.00$c0$e01-oct-2010$fGBP20.00$g0$hC$5Uk
=ACF  \\$aPrevious Copyright Fee: GBP20.00$c0$e01-jul-2010$fGBP20.00$g0$hC$5Uk
=ACF  \\$aPrevious Copyright Fee: GBP20.00$c0$e01-apr-2010$fGBP20.00$g0$hC$5Uk
=ACF  \\$aPrevious Copyright Fee: GBP20.00$c0$e01-Jan-2010$fGBP20.00$g0$hC$5Uk
=ACF  \\$aPrevious Copyright Fee: GBP20.00$c0$e01-oct-2009$fGBP20.00$g0$hC$5Uk
=ACF  \\$aPrevious Copyright Fee: GBP20.00$c0$e01-jul-2009$fGBP20.00$g0$hC$5Uk
=ACF  \\$aPrevious Copyright Fee: GBP20.00$c0$e01-apr-2009$fGBP20.00$g0$hC$5Uk
=ACF  \\$aPrevious Copyright Fee: GBP20.00$c0$e01-jan-2009$fGBP20.00$g0$hC$5Uk
=ACF  \\$aPrevious Copyright Fee: GBP19.00$c0$e01-oct-2008$fGBP19.00$g0$hC$5Uk
=ACF  \\$aPrevious Copyright Fee: GBP19.00$c0$e01-jul-2008$fGBP19.00$g0$hC$5Uk
=ACF  \\$aPrevious Copyright Fee: GBP18.00$c0$e01-apr-2008$fGBP18.00$g0$hC$5Uk
=ACF  \\$aPrevious Copyright Fee: GBP18.00$c0$e01-jan-2008$fGBP18.00$g0$hC$5Uk
=ACF  \\$aPrevious Copyright Fee: GBP18.00$c0$e01-oct-2007$fGBP18.00$g0$hC$5Uk
=ACF  \\$aPrevious Copyright Fee: GBP18.00$c0$e01-jul-2007$fGBP18.00$g0$hC$5Uk
=ACF  \\$aPrevious Copyright Fee: GBP18.00$c0$e01-apr-2007$fGBP18.00$g0$hC$5Uk
=ACF  \\$aPrevious Copyright Fee: GBP18.00$c0$e01-jan-2007$fGBP18.00$g0$hC$5Uk
=ACF  \\$aPrevious Copyright Fee: GBP18.00$c0$e01-oct-2006$fGBP18.00$g0$hC$5Uk
=ACF  \\$aPrevious Copyright Fee: GBP18.00$c0$e01-jul-2006$fGBP18.00$g0$hC$5Uk
=ACF  \\$aPrevious Copyright Fee: GBP18.00$c0$e01-apr-2006$fGBP18.00$g0$hC$5Uk
=ACF  \\$aPrevious Copyright Fee: GBP18.00$c0$e01-jan-2006$fGBP18.00$g0$hC$5Uk
=ACF  \\$aPrevious Copyright Fee: GBP18.00$c0$e01-oct-2005$fGBP18.00$g0$hC$5Uk
=ACF  \\$aPrevious Copyright Fee: GBP18.00$c0$e01-jul-2005$fGBP18.00$g0$hC$5Uk
=ACF  \\$aPrevious Copyright Fee: GBP18.00$c0$e01-apr-2005$fGBP18.00$g0$hC$5Uk
=ACF  \\$aPrevious Copyright Fee: GBP18.00$c0$e01-jan-2005$fGBP18.00$g0$hC$5Uk
=ACF  \\$aPrevious Copyright Fee: GBP20.00$c0$e01-oct-2004$fGBP20.00$g0$hC$5Uk
=ACF  \\$aPrevious copyright fee: GBP20.00$c0$e01-apr-2003$fGBP20.00$g0$hC$5Uk
=ACF  \\$aCurrent copyright fee: GBP15.00$c0$e01-jul-2002$fGBP15.00$g0$hC$5Uk
=ACF  \\$aCurrent copyright fee: GBP1.00$c0$e01-jul-2001$fGBP1.00$g0$hC$5Uk
=ACF  \\$aPrevious Copyright Fee: GBP20.00$c0$e01-oct-2012$fGBP20.00$g0$hC$5Uk
=ACF  \\$aPrevious Copyright Fee: GBP20.00$c0$e01-jul-2012$fGBP20.00$g0$hC$5Uk
=ACF  \\$aPrevious copyright fee: GBP21.00$c5\1$e18-dec-2012$fGBP21.00$g0$hP$5Uk
=ACF  \\$aPrevious copyright fee: GBP22.50$c5\1$e01-jan-2013$fGBP22.50$g0$hP$5Uk
=ACF  \\$aPrevious copyright fee: GBP23.40$c5\1$e01-jan-2018$fGBP23.40$g0$hP$5Uk
=CAT  \\$aCONV$b00$c20040425$lBLL90$h0708
=CAT  \\$aBATCH-CLA$b00$c20110831$lBLL01$h1744
=CAT  \\$aIPL-CLA$c20110930$lBLL01$h1509
=CAT  \\$aBATCH-CLA$b00$c20111130$lBLL01$h1158
=CAT  \\$aIPL-CLA$c20111230$lBLL01$h1719
=CAT  \\$aBATCH-CLA$b00$c20120229$lBLL01$h1610
=CAT  \\$aIPL-CLA$c20120330$lBLL01$h1356
=CAT  \\$aBATCH-CLA$b00$c20120531$lBLL01$h1710
=CAT  \\$aIPL-CLA$c20120629$lBLL01$h0952
=CAT  \\$aBATCH-CLA$b00$c20120831$lBLL01$h1535
=CAT  \\$aIPL-CLA$c20120930$lBLL01$h2007
=CAT  \\$aBATCH-CLA$b00$c20121104$lBLL01$h1040
=CAT  \\$a5552$b40$c20121218$lBLL01$h1549
=CAT  \\$aIPL-CLA$c20121231$lBLL01$h1245
=CAT  \\$aIPL-CLA$c20130102$lBLL01$h1647
=CAT  \\$aWR13.005$c20130329$lBLL01$h1242
=CAT  \\$a7778$b40$c20140604$lBLL01$h1342
=CAT  \\$aBLDSS-3PM$b00$c20141222$lBLL01$h1709
=CAT  \\$aBATCH-UPD$b00$c20141223$lBLL01$h1912
=CAT  \\$aBATCH-UPD$b00$c20170725$lBLL01$h1803
=CAT  \\$aBATCH-UPD$b00$c20171121$lBLL01$h1737
=CAT  \\$aIPL-CLA$c20171231$lBLL01$h1358
=CAT  \\$aBATCH-UPD$b00$c20190521$lBLL01$h1430
=CAT  \\$aIPL-CLA$c20190630$lBLL01$h1525
=CAT  \\$aBATCH-UPD$b00$c20211119$lBLL01$h1548
=CAT  \\$aIPL-CLA$c20211231$lBLL01$h1536
=CFI  0\$aCurrent copyright fee: GBP34.30$c5\1$e01-jan-2022$fGBP34.30$g0$hP$5Uk
=CFI  2\$aPrevious copyright fee: GBP32.84$c5\1$e01-jul-2019$fGBP32.84$g0$hP$5Uk
=FFP  \\$aY$bBLDSS-3PM
=FIN  \\$aY
=FMT  \\$a  SE
=LAS  \\$aIPL-CLA$b00$c20211231$lBLL01$h1536
=LEO  \\$aMP1.0003036925
=LEO  \\$aMP25.0000019227
=LEO  \\$aMP22.0000002986
=LEO  \\$aMP10.0000463475
=MIS  \\$ak-sep
=SRC  \\$aBLS01$bbibmp1.200404.2.ad
=SRC  \\$aSRI01$bbibmp25.200404.2.aa
=SRC  \\$aISN01$bbibmp22.200404.2.aa
=SRC  \\$aDSS01$bbibmp10.200404.2.aa
=TCO  \\$aCLA$bCLA$c008
=TOC  \\$aETOC

