=LDR  01744 as a22005057a 4500
=001  007883887
=003  Uk
=005  20080214111535.0
=007  ta
=008  030507c200u9999ts\wr\p\\\\\\\0\\\a0eng\\
=022  0\$a1680-9297
=040  \\$aUk$beng$cUk
=222  \0$aTime out Dubai
=245  00$aTime out Dubai.
=260  \\$aHitchin :$bInformation & Technology Publishing Co.
=260  \\$aDubai :$bITP Consumer Publishing
=300  \\$av. :$bcol. ill., col. ports. ;$c30 cm.
=310  \\$aWeekly
=321  \\$aMonthly
=336  \\$atext$2rdacontent
=337  \\$aunmediated$2rdamedia
=338  \\$avolume$2rdacarrier
=362  1\$aBegan in 2001?
=500  \\$aDescription based on: Mar. 2003 issue.
=651  \0$aDubayy (United Arab Emirates : Emirate)$xSocial life and customs$vPeriodicals.
=852  41$aBritish Library$bHMNTS$jZK.9.a.8776
=985  \\$aResponsibility for ISSN taken by ISSN UK from the International Centre April 2003. Responsibility transferred back to the IC, 14.02.08
=A02  \\$a3014955$z0
=CAT  \\$aCONV$b00$c20040425$lBLL90$h0713
=CAT  \\$aCONV$b00$c20040502$lBLL01$h1234
=CAT  \\$a11439$b40$c20041108$lBLL01$h1551
=CAT  \\$a11313$b40$c20041229$lBLL01$h1408
=CAT  \\$a11439$b40$c20050307$lBLL01$h1303
=CAT  \\$a11439$b40$c20050307$lBLL01$h1304
=CAT  \\$aglobal_upd$b40$c20060417$lBLL01$h1616
=CAT  \\$a6537$b40$c20080214$lBLL01$h1115
=CAT  \\$aBATCH$b00$c20091208$lBLL01$h0311
=CAT  \\$aWR14_140$c20140905$lBLL01$h1724
=FIN  \\$aY$d20050307
=FMT  \\$a  SE
=LAS  \\$aWR14_140$b00$c20140905$lBLL01$h1724
=LEO  \\$aMP22.0000070704
=SRC  \\$aISN01$bbibmp22.200404.2.aa
=SRC  \\$aDSS04$bbibld.200404.2.aa
=TCO  \\$aXXX$c008

