=LDR  03933cas a2200913   4500
=001  007895913
=003  Uk
=005  20221231143415.0
=007  ta
=008  040510c20009999enkfr\p\\\\\\\0\\\a0eng\\
=022  0\$a1468-8417
=040  \\$aUk$beng$cUk$dUk
=082  10$a809.933553$223
=222  \0$aGreen letters
=245  00$aGreen letters /$cASLE UK.
=246  1\$iAddition of subtitle:$aGreen letters :$bstudies in ecocriticism
=260  \\$aManchester :$bManchester Metropolitan University
=264  31$aAbingdon :$bTaylor & Francis
=310  \\$aSemi-annual
=336  \\$atext$2rdacontent
=337  \\$aunmediated$2rdamedia
=338  \\$avolume$2rdacarrier
=362  0\$aVolume 1, issue 1 (2000)-
=500  \\$aPublication of the Association for the Study of Literature and Environment.
=540  \\$aCurrent copyright fee: GBP37.00$c2\0$5Uk
=588  \\$aLatest issue consulted: volume 17, number 1 (February 2013).
=710  2\$aAssociation for the Study of Literature and the Environment.
=710  2\$aManchester Metropolitan University.
=776  08$iAlso issued online as:$tGreen letters$x2168-1414
=852  41$aBritish Library$bHMNTS$jZK.9.a.7162
=856  \\$31850-9999$uhttp://www.tandfonline.com/$xBLDSS
=945  \\$aGreen letters.
=979  \\$aBritish Library$bDSC$j4214.942034N
=985  \\$aISSN responsibility taken by US ISSN Centre from ISSN UK, under multinational publisher agreement, May 14 2013.
=A02  \\$a1101204$z101204
=ACF  \\$aPrevious Copyright Fee: GBP25.00$c0$e01-jan-2013$fGBP25.00$g0$hC$5Uk
=ACF  \\$aPrevious Copyright Fee: GBP28.75$c0$e01-jan-2015$fGBP28.75$g0$hC$5Uk
=ACF  \\$aPrevious Copyright Fee: GBP27.60$c0$e01-jan-2014$fGBP27.60$g0$hC$5Uk
=ACF  \\$aPrevious Copyright Fee: GBP25.00$c2\0$e23-jan-2014$fGBP25.00$g0$hP$5Uk
=ACF  \\$aPrevious copyright fee: GBP26.00$c2\0$e01-jan-2016$fGBP26.00$g0$hP$5Uk
=ACF  \\$aPrevious copyright fee: GBP28.00$c2\0$e01-jan-2017$fGBP28.00$g0$hP$5Uk
=ACF  \\$aPrevious copyright fee: GBP30.00$c2\0$e01-jan-2018$fGBP30.00$g0$hP$5Uk
=ACF  \\$aPrevious copyright fee: GBP32.00$c2\0$e01-jan-2019$fGBP32.00$g0$hP$5Uk
=ACF  \\$aPrevious copyright fee: GBP34.00$c2\0$e01-jan-2020$fGBP34.00$g0$hP$5Uk
=CAT  \\$aCONV$b00$c20040425$lBLL90$h0713
=CAT  \\$a11313$b40$c20130514$lBLL01$h0826
=CAT  \\$aBATCH-CLA$b00$c20131129$lBLL01$h1650
=CAT  \\$aIPL-CLA$c20131231$lBLL01$h1910
=CAT  \\$aBATCH-CLA$b00$c20141128$lBLL01$h0927
=CAT  \\$aIPL-CLA$c20141231$lBLL01$h1642
=CAT  \\$a5552$b40$c20150123$lBLL01$h1437
=CAT  \\$aBLDSS-3PM$b00$c20150215$lBLL01$h1112
=CAT  \\$aBATCH-UPD$b00$c20151119$lBLL01$h1540
=CAT  \\$a5110$b40$c20151218$lBLL01$h0948
=CAT  \\$aIPL-CLA$c20151231$lBLL01$h1907
=CAT  \\$aBATCH-UPD$b00$c20160413$lBLL01$h1803
=CAT  \\$aBATCH-UPD$b00$c20161122$lBLL01$h1510
=CAT  \\$aBATCH-UPD$b00$c20161122$lBLL01$h1557
=CAT  \\$aIPL-CLA$c20161230$lBLL01$h1823
=CAT  \\$a5552$b40$c20170519$lBLL01$h1232
=CAT  \\$aBATCH-UPD$b40$c20171121$lBLL01$h1644
=CAT  \\$aIPL-CLA$c20171231$lBLL01$h1359
=CAT  \\$aBATCH-UPD$b00$c20181217$lBLL01$h1636
=CAT  \\$aIPL-CLA$c20181231$lBLL01$h1533
=CAT  \\$aBATCH-UPD$b00$c20191122$lBLL01$h1858
=CAT  \\$aIPL-CLA$c20191231$lBLL01$h1728
=CAT  \\$aBATCH-UPD$b00$c20201118$lBLL01$h1332
=CAT  \\$aIPL-CLA$c20201231$lBLL01$h1519
=CAT  \\$aBATCH-UPD$b00$c20221121$lBLL01$h1344
=CAT  \\$aIPL-CLA$c20221231$lBLL01$h1434
=CFI  0\$aCurrent copyright fee: GBP37.00$c2\0$e01-jan-2023$fGBP37.00$g0$hP$5Uk
=CFI  2\$aPrevious copyright fee: GBP35.00$c2\0$e01-jan-2021$fGBP35.00$g0$hP$5Uk
=FFP  \\$aY$bBLDSS-3PM
=FIN  \\$aY$d20070324
=FMT  \\$a  SE
=LAS  \\$aIPL-CLA$b00$c20221231$lBLL01$h1434
=SRC  \\$aDSS04$bbibld.200404.2.aa
=TCO  \\$aCLA$bCLA$c008
=TOC  \\$aETOC

