=LDR  03225 as a2200781u  4500
=001  007900431
=003  Uk
=005  20090428095520.0
=006  aa\\\|||||||||||||
=007  ta
=008  940527c19939999nr\qr\p\\\\\\\0\\\a0eng\\
=019  1\$abld0021160
=019  c\$a2515888
=022  0\$a1118-0277
=040  \\$aUk$beng$cUk$dUk
=222  \0$aOpon ifa review
=245  00$aOpon ifa review :$ba quarterly publication of CentreSTAGE Africa.
=260  \\$aIbadan, Nigeria :$bOpon Ifa Review,$c1993-
=300  \\$av. :$bill. ;$c29 cm.
=336  \\$atext$2rdacontent
=337  \\$aunmediated$2rdamedia
=338  \\$avolume$2rdacarrier
=362  0\$aNo. 1 (Mar. 1993)-
=540  \\$aBritish Library not licensed to copy$c0$5Uk
=653  1\$aEnglish literature
=653  1\$aNigeria
=710  2\$aCentrestage Africa.
=852  41$aBritish Library$bHMNTS$jZA.9.b.1098$3No.1 (Mar. 1993)-
=886  2\$2blmarc$a092$b00$a6272.422000n
=886  2\$2ukmarc$a910$b20$aCentre for the Study of Theatre and Alternate Centres of Expression in Africa$xSee$aCentrestage Africa$z710
=945  \\$aOPON IFA REVIEW.
=957  \\$a940523p
=979  \\$aBritish Library$bDSC$j6272.422000N
=985  \\$aISSN UK Centre will need to take responsibility for ISSN when first issue (relaunch) is received (ISSN assigned by Nigerian Centre). Due to be published 2009/06. ISSN UK have assigned pre-pub online ISSN 2040-8838. ISSN UK Centre, 28.04.2009
=ACF  \\$aPrevious copyright fee: GBP9.00$c0$e01-apr-2010$fGBP9.00$g0$hA$5Uk
=ACF  \\$aPrevious copyright fee: GBP6.00$c0$e01-apr-2008$fGBP6.00$g0$hA$5Uk
=ACF  \\$aPrevious copyright fee: GBP5.00$c0$e01-jul-2002$fGBP5.00$g0$hA$5Uk
=ACF  \\$aCurrent copyright fee: GBP4.40$c0$e01-jul-1998$fGBP4.40$g0$hA$5Uk
=ACF  \\$aCurrent copyright fee: GBP4.20$c0$e01-apr-1997$fGBP4.20$g0$hA$5Uk
=CAT  \\$aCONV$b00$c20040425$lBLL90$h0721
=CAT  \\$aCONV$b00$c20040502$lBLL01$h1234
=CAT  \\$a11315$b40$c20090424$lBLL01$h0833
=CAT  \\$a10806$b40$c20090427$lBLL01$h0931
=CAT  \\$a11313$b40$c20090428$lBLL01$h0922
=CAT  \\$a11313$b40$c20090428$lBLL01$h0955
=CAT  \\$aBATCH$b00$c20091208$lBLL01$h0316
=CAT  \\$aBATCH-UPD$b00$c20100225$lBLL01$h2313
=CAT  \\$aBATCH-UPD$b00$c20100331$lBLL01$h2101
=CAT  \\$aBATCH-UPD$b00$c20100401$lBLL01$h0041
=CAT  \\$aBATCH$b00$c20100401$lBLL01$h0351
=CAT  \\$aBATCH$b00$c20100401$lBLL01$h1355
=CAT  \\$aBATCH-UPD$b00$c20101124$lBLL01$h1743
=CAT  \\$aBATCH-UPD$b00$c20101125$lBLL01$h1006
=CAT  \\$aIPL-CLA$c20101231$lBLL01$h1216
=CAT  \\$aBATCH-UPD$b00$c20110907$lBLL01$h1756
=CAT  \\$aIPL-CLA$c20110908$lBLL01$h1710
=CAT  \\$aBATCH-CLA$b00$c20121104$lBLL01$h1039
=CAT  \\$aWR13.005$c20130322$lBLL01$h1821
=CFI  0\$aBritish Library not licensed to copy$c0$e07-sep-2011$hC$iTX$5Uk
=CFI  2\$aPrevious copyright fee: GBP10.50$c0$e01-jan-2011$fGBP10.50$g0$hA$5Uk
=FIN  \\$aY
=FMT  \\$a  SE
=LAS  \\$aWR13.005$b00$c20130322$lBLL01$h1821
=LEO  \\$aMP10.0000423112
=LEO  \\$aMP13.0000158479
=SRC  \\$aDSS01$bbibmp10.200404.2.aa
=SRC  \\$aHSS01$bbibmp13.200404.2.aa
=TCO  \\$aXXX$c008

