=LDR  08011cas a2201609ua 4500
=001  007920245
=003  Uk
=005  20230728115916.0
=006  aa\\\|||||||||||||
=007  ta
=008  981102c19989999enkbr\p\\\\\\\0\\\a0eng\\
=015  \\$aGB9874411$2bnb
=019  y\$ab9874411
=019  9\$ab9874411
=019  c\$a2571538
=019  1\$ab9874411
=022  0\$a1463-5240
=039  0\$a2514
=040  \\$aUk$cUk$dUk
=042  \\$aukblsr
=082  04$a613.05$223
=210  0\$aInt. j. health promot. educ.
=222  \0$aInternational journal of health promotion and education
=245  00$aInternational journal of health promotion and education.
=260  \\$aManchester (Dental School, Higher Cambridge St., Manchester, M15 6FH) :$bInstitute for Health Education,$c1998-
=260  3\$aAbingdon :$bTaylor & Francis
=300  \\$av. :$bill. ;$c30 cm.
=310  \\$aBimonthly,$b2012-
=321  \\$aQuarterly,$b1998-2011
=336  \\$atext$2rdacontent
=337  \\$aunmediated$2rdamedia
=338  \\$avolume$2rdacarrier
=362  0\$aVol. 36, no. 3 (1998)-
=540  \\$aCurrent copyright fee: GBP37.00$c2\0$5Uk
=588  \\$aLatest issue consulted: Vol. 50, issue 1 (Jan. 2012).
=595  \\$aFormerly 4542.275700 up to v. 36, no. 2 (1998)
=650  \0$aHealth education$xPeriodicals.
=650  \0$aHealth promotion$xPeriodicals.
=650  \0$aHealth behavior$xPeriodicals.
=710  2\$aInstitute of Health Education.
=730  0\$aInternational journal of health education (Manchester, England),$x1368-1222.
=776  08$iAlso issued online as:$tInternational journal of health promotion and education$x2164-9545
=780  00$tInternational journal of health education (Manchester)$x1368-1222
=852  41$aBritish Library$bHMNTS$jP.P.8000.co$3Vol. 36, no. 3 (1998)-v. 53, no. 6 (2015)***Title now taken as electronic copy only
=852  41$aBritish Library$bDSC$j4542.277700$3Vol. 36, no. 3 (1998)-v. 51, no. 6 (2013)***UKRR Retained Title
=856  \\$31850-9999$uhttp://www.tandfonline.com/$xBLDSS
=945  \\$aInternational journal of health promotion and education
=959  \\$fHeld but not currently received
=963  \\$aCA/M-7 VOL. 36(3), 1998- *A=1$bN
=985  \\$aResponsibility for ISSN transferred to US ISSN Center from ISSN UK Centre in anticipation of change of publisher in 2012 to Taylor & Francis, 05/12/11.
=A02  \\$a2571538
=ACF  \\$aPrevious Copyright Fee: GBP12.00$c0$e01-jan-2012$fGBP12.00$g0$hC$5Uk
=ACF  \\$aPrevious Copyright Fee: GBP10.50$c0$e01-oct-2011$fGBP10.50$g0$hC$5Uk
=ACF  \\$aPrevious Copyright Fee: GBP10.50$c0$e01-jul-2011$fGBP10.50$g0$hC$5Uk
=ACF  \\$aPrevious Copyright Fee: GBP10.50$c0$e01-apr-2011$fGBP10.50$g0$hC$5Uk
=ACF  \\$aPrevious Copyright Fee: GBP10.50$c0$e01-jan-2011$fGBP10.50$g0$hC$5Uk
=ACF  \\$aPrevious Copyright Fee: GBP9.00$c0$e01-oct-2010$fGBP9.00$g0$hC$5Uk
=ACF  \\$aPrevious Copyright Fee: GBP9.00$c0$e01-jul-2010$fGBP9.00$g0$hC$5Uk
=ACF  \\$aPrevious Copyright Fee: GBP9.00$c0$e01-apr-2010$fGBP9.00$g0$hC$5Uk
=ACF  \\$aPrevious Copyright Fee: GBP9.00$c0$e01-Jan-2010$fGBP9.00$g0$hC$5Uk
=ACF  \\$aPrevious Copyright Fee: GBP6.00$c0$e01-oct-2009$fGBP6.00$g0$hC$5Uk
=ACF  \\$aPrevious Copyright Fee: GBP6.00$c0$e01-jul-2009$fGBP6.00$g0$hC$5Uk
=ACF  \\$aPrevious Copyright Fee: GBP6.00$c0$e01-apr-2009$fGBP6.00$g0$hC$5Uk
=ACF  \\$aPrevious Copyright Fee: GBP6.00$c0$e01-jan-2009$fGBP6.00$g0$hC$5Uk
=ACF  \\$aPrevious Copyright Fee: GBP6.00$c0$e01-oct-2008$fGBP6.00$g0$hC$5Uk
=ACF  \\$aPrevious Copyright Fee: GBP6.00$c0$e01-jul-2008$fGBP6.00$g0$hC$5Uk
=ACF  \\$aPrevious Copyright Fee: GBP6.00$c0$e01-apr-2008$fGBP6.00$g0$hC$5Uk
=ACF  \\$aPrevious Copyright Fee: GBP6.00$c0$e01-jan-2008$fGBP6.00$g0$hC$5Uk
=ACF  \\$aPrevious Copyright Fee: GBP5.00$c0$e01-oct-2007$fGBP5.00$g0$hC$5Uk
=ACF  \\$aPrevious Copyright Fee: GBP5.00$c0$e01-jul-2007$fGBP5.00$g0$hC$5Uk
=ACF  \\$aPrevious Copyright Fee: GBP5.00$c0$e01-apr-2007$fGBP5.00$g0$hC$5Uk
=ACF  \\$aPrevious Copyright Fee: GBP5.00$c0$e01-jan-2007$fGBP5.00$g0$hC$5Uk
=ACF  \\$aPrevious Copyright Fee: GBP5.00$c0$e01-oct-2006$fGBP5.00$g0$hC$5Uk
=ACF  \\$aPrevious Copyright Fee: GBP5.00$c0$e01-jul-2006$fGBP5.00$g0$hC$5Uk
=ACF  \\$aPrevious Copyright Fee: GBP5.00$c0$e01-apr-2006$fGBP5.00$g0$hC$5Uk
=ACF  \\$aPrevious Copyright Fee: GBP5.00$c0$e01-jan-2006$fGBP5.00$g0$hC$5Uk
=ACF  \\$aPrevious Copyright Fee: GBP5.00$c0$e01-oct-2005$fGBP5.00$g0$hC$5Uk
=ACF  \\$aPrevious Copyright Fee: GBP5.00$c0$e01-jul-2005$fGBP5.00$g0$hC$5Uk
=ACF  \\$aPrevious Copyright Fee: GBP5.00$c0$e01-apr-2005$fGBP5.00$g0$hC$5Uk
=ACF  \\$aPrevious Copyright Fee: GBP5.00$c0$e01-jan-2005$fGBP5.00$g0$hC$5Uk
=ACF  \\$aPrevious Copyright Fee: GBP5.00$c0$e01-oct-2004$fGBP5.00$g0$hC$5Uk
=ACF  \\$aPrevious copyright fee: GBP5.00$c0$e01-jul-2000$fGBP5.00$g0$hC$5Uk
=ACF  \\$aCurrent copyright fee: GBP2.50$c0$e10-sep-1998$fGBP2.50$g0$hC$5Uk
=ACF  \\$aCurrent Copyright Fee: GBP12.00$c0$e01-apr-2012$fGBP12.00$g0$hC$5Uk
=ACF  \\$aPrevious copyright fee: GBP23.00$c2\0$e17-may-2012$fGBP23.00$g0$hP$5Uk
=ACF  \\$aPrevious copyright fee: GBP23.50$c2\0$e01-jan-2013$fGBP23.50$g0$hP$5Uk
=ACF  \\$aPrevious copyright fee: GBP24.00$c2\0$e01-jan-2014$fGBP24.00$g0$hP$5Uk
=ACF  \\$aPrevious copyright fee: GBP26.00$c2\0$e01-jan-2016$fGBP26.00$g0$hP$5Uk
=ACF  \\$aPrevious copyright fee: GBP25.00$c2\0$e01-jan-2015$fGBP25.00$g0$hP$5Uk
=ACF  \\$aPrevious copyright fee: GBP34.00$c2\0$e04-mar-2016$fGBP34.00$g0$hP$5Uk
=ACF  \\$aPrevious copyright fee: GBP36.00$c2\0$e01-jan-2017$fGBP36.00$g0$hP$5Uk
=ACF  \\$aPrevious copyright fee: GBP38.00$c2\0$e01-jan-2018$fGBP38.00$g0$hP$5Uk
=ACF  \\$aPrevious copyright fee: GBP40.00$c2\0$e01-jan-2019$fGBP40.00$g0$hP$5Uk
=ACF  \\$aPrevious copyright fee: GBP42.00$c2\0$e01-jan-2020$fGBP42.00$g0$hP$5Uk
=CAT  \\$aWR09-126
=CAT  \\$aIPL-CLA$c20131231$lBLL01$h1911
=CAT  \\$aWR13_200$c20140112$lBLL01$h2234
=CAT  \\$aBATCH-CLA$b00$c20140125$lBLL01$h1325
=CAT  \\$aBATCH-CLA$c20140225$lBLL01$h2314
=CAT  \\$aWR14_140$c20140905$lBLL01$h1725
=CAT  \\$aBATCH-UPD$b00$c20141124$lBLL01$h1800
=CAT  \\$aBLDSS-3PM$b00$c20141130$lBLL01$h1245
=CAT  \\$aIPL-CLA$c20141231$lBLL01$h1642
=CAT  \\$aBATCH-UPD$b00$c20151119$lBLL01$h1540
=CAT  \\$aIPL-CLA$c20151231$lBLL01$h1907
=CAT  \\$a5552$b40$c20160304$lBLL01$h1438
=CAT  \\$aBATCH-UPD$b40$c20161122$lBLL01$h1459
=CAT  \\$aBATCH-UPD$b40$c20161122$lBLL01$h1514
=CAT  \\$aIPL-CLA$c20161230$lBLL01$h1824
=CAT  \\$aBATCH-UPD$b00$c20171121$lBLL01$h1639
=CAT  \\$aIPL-CLA$c20171231$lBLL01$h1359
=CAT  \\$aBATCH-UPD$b00$c20181217$lBLL01$h1647
=CAT  \\$aIPL-CLA$c20181231$lBLL01$h1533
=CAT  \\$aBATCH-UPD$b00$c20191122$lBLL01$h1909
=CAT  \\$aIPL-CLA$c20191231$lBLL01$h1728
=CAT  \\$aBATCH-UPD$b00$c20201118$lBLL01$h1344
=CAT  \\$aIPL-CLA$c20201231$lBLL01$h1519
=CAT  \\$aBATCH-UPD$b00$c20221121$lBLL01$h1334
=CAT  \\$aIPL-CLA$c20221231$lBLL01$h1434
=CAT  \\$a8055$b40$c20230728$lBLL01$h1159
=CFI  0\$aCurrent copyright fee: GBP37.00$c2\0$e28-jul-2023$fGBP37.00$g0$hP$5Uk
=CFI  2\$aPrevious copyright fee: GBP46.00$c2\0$e01-jan-2023$fGBP46.00$g0$hP$5Uk
=CFI  2\$aPrevious copyright fee: GBP44.00$c2\0$e01-jan-2021$fGBP44.00$g0$hP$5Uk
=FFP  \\$aY$bBLDSS-3PM
=FIN  \\$aY
=FMT  \\$a  SE
=LAS  \\$a8055$b40$c20230728$lBLL01$h1159
=LEO  \\$aMP5.0001503423
=LEO  \\$aMP10.0000295493
=LEO  \\$aMP13.0000345895
=LEO  \\$aMP22.0000058847
=SRC  \\$aBNB03$bbibmp5.200404.2.ac
=SRC  \\$aDSS01$bbibmp10.200404.2.aa
=SRC  \\$aHSS01$bbibmp13.200404.2.aa
=SRC  \\$aISN01$bbibmp22.200404.2.aa
=TCO  \\$aCLA$bCLA$c008
=TOC  \\$aETOC

