=LDR  05761cas a2201345 a 4500
=001  007921312
=003  Uk
=005  20221231184101.0
=007  ta
=008  991118d19972011stkar\p\\\\\\\0\\\a0eng\c
=010  \\$asn 99033898 
=015  \\$aGB9912106$2bnb
=016  \\$a007921312
=016  \\$a010490356
=019  y\$ab9912106
=019  9\$ab9912106
=019  1\$ab9912106
=019  c\$a2567428
=022  \\$a1367-1936
=035  \\$a(OCoLC)42848401
=039  0\$a2528
=040  \\$aHLS$beng$cHLS$dSYS$dDLC$dNSD$dCLU$dOCLCA$dDLC$dUKMGB$dOCLCQ$dOCLCA$dOCLCF$dUk
=041  0\$aeng$aara
=042  \\$aukblsr
=043  \\$aa-is---
=050  00$aDS109.9$b.J68
=082  04$a956.9442005$222
=222  \0$aJournal of Islamic Jerusalem studies
=245  00$aJournal of Islamic Jerusalem studies.
=246  1\$iIssues for summer 2005- called:$aJournal of Islamicjerusalem studies
=246  1\$iIssues for <summer 2005-> have also Arabic title:$aMajallat dirāsāt Bayt al-Quds
=246  13$aJIJS
=246  15$aMajallat dirāsāt al-Quds al-Islāmīyah
=260  \\$aDunblane :$bIslamic Research Academy,$c1997-2011.
=300  \\$av. ;$c21-23 cm.
=310  \\$aAnnual,$b<summer 2005->
=321  \\$aSemiannual,$b1997-<winter 2001>
=336  \\$atext$2rdacontent
=337  \\$aunmediated$2rdamedia
=338  \\$avolume$2rdacarrier
=362  0\$aVol. 1, no. 1 (winter 1997)-vol. 11 (summer 2011).
=500  \\$aTitle from cover.
=500  \\$aPublished in Dundee from 2001.
=515  \\$aSuspended 2001-2004.
=540  \\$aCurrent Copyright Fee: GBP25.00$c0$5Uk
=546  \\$aText in Arabic and English.
=550  \\$aPublished: Al-Maktoum Institute Academic Press for the Centre for Islamicjerusalem Studies, volume 6 (summer 2005)-volume 10 (winter 2008); Academy for Islamicjerusalem Studies, volume 11, summer 2011.
=588  \\$aLatest issue consulted: Vol. 11 (summer 2011).
=595  \\$aSEE ALSO CARD INDEX.
=650  \0$aIslam$zJerusalem$xHistory$vPeriodicals.
=650  \0$aIslamic civilization$xStudy and teaching$vPeriodicals.
=650  \7$aIslam.$2fast$0(OCoLC)fst00979776
=650  \7$aIslamic civilization$xStudy and teaching.$2fast$0(OCoLC)fst01730301
=650  \7$aJerusalem in Islam.$2fast$0(OCoLC)fst00982326
=651  \0$aJerusalem$xHistory$vPeriodicals.
=651  \0$aJerusalem$xIn Islam$vPeriodicals.
=651  \7$aMiddle East$zJerusalem.$2fast$0(OCoLC)fst01216276
=655  \7$aHistory.$2fast$0(OCoLC)fst01411628
=655  \7$aPeriodicals.$2fast$0(OCoLC)fst01411641
=710  2\$aIslamic Research Academy (Dundee, Scotland)
=710  2\$aAl-Maktoum Institute for Arabic and Islamic Studies.$bCentre for Islamicjerusalem Studies.
=710  2\$aAcademy for Islamicjerusalem Studies (Dundee, Scotland)
=776  08$iContinued online:$tJournal of Islamic Jerusalem studies$x2514-6009
=852  41$aBritish Library$bHMNTS$jZC.9.a.5151$3Vol.1, no. 1 (1997)- v. 11 (2011)
=945  \\$aJOURNAL OF ISLAMIC JERUSALEM STUDIES.
=963  \\$aVOL. 1, 1997- *A=1$bN$cU
=979  \\$aBritish Library$bDSC$j5008.536000N$xDSC, not selected
=985  \\$aRecord merged by DQ team
=985  \\$aCorrected by MS generated file for WR# 12.018
=985  \\$aISSN responsibility transfer to ISSN Turkey in progress despite our local record showing that this format ceased in 2011. Please re-open if evidence found of print issues after 2011 (Richard, 06/01/21)
=ACF  \\$aPrevious copyright fee: GBP10.50$c0$e01-jan-2011$fGBP10.50$g0$hA$5Uk
=ACF  \\$aPrevious copyright fee: GBP12.00$c0$e01-jan-2012$fGBP12.00$g0$hA$5Uk
=ACF  \\$aPrevious Copyright Fee: GBP12.30$c0$e01-jan-2014$fGBP12.30$g0$hA$5Uk
=ACF  \\$aPrevious Copyright Fee: GBP15.00$c0$e01-jan-2017$fGBP15.00$g0$hA$5Uk
=ACF  \\$aPrevious Copyright Fee: GBP17.50$c0$e01-jan-2018$fGBP17.50$g0$hA$5Uk
=ACF  \\$aPrevious Copyright Fee: GBP20.00$c0$e01-jan-2020$fGBP20.00$g0$hA$5Uk
=CAT  \\$aCONV$b00$c20040425$lBLL90$h0727
=CAT  \\$a10743$b40$c20051028$lBLL01$h1610
=CAT  \\$aBATCH$b00$c20091121$lBLL01$h2155
=CAT  \\$a8456$b40$c20130903$lBLL01$h1143
=CAT  \\$aBATCH-CLA$c20131217$lBLL01$h0129
=CAT  \\$aIPL-CLA$c20131231$lBLL01$h1911
=CAT  \\$aWR14_140$c20140905$lBLL01$h1726
=CAT  \\$aBATCH-CLA$b00$c20161222$lBLL01$h1702
=CAT  \\$aIPL-CLA$c20161230$lBLL01$h1824
=CAT  \\$a7778$b40$c20170306$lBLL01$h0816
=CAT  \\$a11205$b40$c20170323$lBLL01$h1044
=CAT  \\$a11205$b40$c20170323$lBLL01$h1138
=CAT  \\$aBATCH-016$c20170329$lBLL01$h2150
=CAT  \\$a10806$b40$c20170406$lBLL01$h0931
=CAT  \\$a8871$b40$c20170927$lBLL01$h1502
=CAT  \\$aBATCH-CLA$b00$c20171222$lBLL01$h1958
=CAT  \\$aIPL-CLA$c20171231$lBLL01$h1359
=CAT  \\$aBATCH-CLA$b00$c20191219$lBLL01$h1627
=CAT  \\$aIPL-CLA$c20191231$lBLL01$h1729
=CAT  \\$aR2001-1524$c20200127$lBLL01$h1926
=CAT  \\$aBATCH-CLA$b00$c20201204$lBLL01$h1423
=CAT  \\$aIPL-CLA$c20201231$lBLL01$h1926
=CAT  \\$a10806$b40$c20210106$lBLL01$h1058
=CAT  \\$a10806$b40$c20210106$lBLL01$h1113
=CAT  \\$aBATCH-CLA$b00$c20221221$lBLL01$h1727
=CAT  \\$aIPL-CLA$c20221231$lBLL01$h1841
=CFI  0\$aCurrent Copyright Fee: GBP25.00$c0$e01-jan-2023$fGBP25.00$g0$hA$5Uk
=CFI  2\$aPrevious Copyright Fee: GBP22.50$c0$e01-jan-2021$fGBP22.50$g0$hA$5Uk
=FIN  \\$aY
=FMT  \\$a  SE
=LAS  \\$aIPL-CLA$b00$c20221231$lBLL01$h1841
=LEO  \\$aMP5.0001506362
=LEO  \\$aMP13.0000347029
=LEO  \\$aMP10.0000322860
=SID  \\$aZ39$bOCLC
=SRC  \\$aBNB03$bbibmp5.200404.2.ac
=SRC  \\$aDSS01$bbibmp10.200404.2.aa
=SRC  \\$aHSS01$bbibmp13.200404.2.aa
=TCO  \\$aCLA$bCLA$c008

