=LDR  07339cas a2201501 a 4500
=001  007922413
=003  Uk
=005  20230210004530.0
=007  ta
=008  991101d19982006enkmx\\\\g\\\\0\\\a0eng\\
=015  \\$aGB9937669$2bnb
=019  y\$ab9937669
=019  9\$ab9937669
=019  c\$a2567578
=019  1\$ab9937669
=022  0\$a1461-8540
=039  0\$a2541
=040  \\$aUk$cUk$dUk
=082  04$a344.410410264205$221
=210  0\$aLloyd's law rep., Med.
=222  \0$aLloyd's law reports. Medical
=245  00$aLloyd's law reports.$pMedical.
=260  \\$aLondon :$bLLP Reference,$c1998-2006.
=300  \\$a87 v. ;$c25 cm.
=310  \\$aMonthly
=336  \\$atext$2rdacontent
=337  \\$aunmediated$2rdamedia
=338  \\$avolume$2rdacarrier
=362  0\$aPt. 1 (Feb. 1998)-pt. 7 (Aug. 2006).
=540  \\$aCurrent Copyright Fee: GBP25.00$c0$5Uk
=595  \\$aFORMERLY 5529.47N.
=650  \0$aMedical laws and legislation$zGreat Britain$vCases$vPeriodicals.
=650  \0$aMedical personnel$xMalpractice$zGreat Britain$vCases$vPeriodicals.
=650  \0$aPhysicians$xMalpractice$zGreat Britain$vCases$vPeriodicals.
=776  08$iAlso issued online as:$tLloyd's law report. Medical$x2329-8006
=780  00$tMedical law reports$x0957-9346
=785  00$tLS law. Medical
=852  41$aBritish Library$bHMNTS$jZC.9.a.5196$3Pt. 1 (Feb. 1998)-Part 7 (2006:Aug.)
=945  \\$aLLOYDS LAW REPORTS MEDICAL.
=963  \\$aCA/U13 NO. 1, 1998- *A=1$bN
=979  \\$aBritish Library$bDSC$j5287.252000N
=985  \\$aISSN UK Centre note: Request sent to US Center to transfer responsibility to UK as published in London. Lloyds LLP are part of Informa (US responsibility) so coding removed pending further correspondence. 22.5.15.
=A02  \\$a2567578
=ACF  \\$aPrevious Copyright Fee: GBP43.00$c0$e01-apr-2012$fGBP43.00$g0$hC$5Uk
=ACF  \\$aPrevious Copyright Fee: GBP43.00$c0$e01-jan-2012$fGBP43.00$g0$hC$5Uk
=ACF  \\$aPrevious Copyright Fee: GBP43.00$c0$e01-oct-2011$fGBP43.00$g0$hC$5Uk
=ACF  \\$aPrevious Copyright Fee: GBP43.00$c0$e01-jul-2011$fGBP43.00$g0$hC$5Uk
=ACF  \\$aPrevious Copyright Fee: GBP43.00$c0$e01-apr-2011$fGBP43.00$g0$hC$5Uk
=ACF  \\$aPrevious Copyright Fee: GBP43.00$c0$e01-jan-2011$fGBP43.00$g0$hC$5Uk
=ACF  \\$aPrevious Copyright Fee: GBP43.00$c0$e01-oct-2010$fGBP43.00$g0$hC$5Uk
=ACF  \\$aPrevious Copyright Fee: GBP43.00$c0$e01-jul-2010$fGBP43.00$g0$hC$5Uk
=ACF  \\$aPrevious Copyright Fee: GBP43.00$c0$e01-apr-2010$fGBP43.00$g0$hC$5Uk
=ACF  \\$aPrevious Copyright Fee: GBP43.00$c0$e01-Jan-2010$fGBP43.00$g0$hC$5Uk
=ACF  \\$aPrevious Copyright Fee: GBP43.00$c0$e01-oct-2009$fGBP43.00$g0$hC$5Uk
=ACF  \\$aPrevious Copyright Fee: GBP43.00$c0$e01-jul-2009$fGBP43.00$g0$hC$5Uk
=ACF  \\$aPrevious Copyright Fee: GBP43.00$c0$e01-apr-2009$fGBP43.00$g0$hC$5Uk
=ACF  \\$aPrevious Copyright Fee: GBP43.00$c0$e01-jan-2009$fGBP43.00$g0$hC$5Uk
=ACF  \\$aPrevious Copyright Fee: GBP43.00$c0$e01-oct-2008$fGBP43.00$g0$hC$5Uk
=ACF  \\$aPrevious Copyright Fee: GBP43.00$c0$e01-jul-2008$fGBP43.00$g0$hC$5Uk
=ACF  \\$aPrevious Copyright Fee: GBP43.00$c0$e01-apr-2008$fGBP43.00$g0$hC$5Uk
=ACF  \\$aPrevious Copyright Fee: GBP8.00$c0$e01-jan-2008$fGBP8.00$g0$hC$5Uk
=ACF  \\$aPrevious Copyright Fee: GBP8.00$c0$e01-oct-2007$fGBP8.00$g0$hC$5Uk
=ACF  \\$aPrevious Copyright Fee: GBP5.00$c0$e01-jul-2007$fGBP5.00$g0$hC$5Uk
=ACF  \\$aPrevious Copyright Fee: GBP5.60$c0$e01-apr-2007$fGBP5.60$g0$hC$5Uk
=ACF  \\$aPrevious Copyright Fee: GBP5.60$c0$e01-jan-2007$fGBP5.60$g0$hC$5Uk
=ACF  \\$aPrevious Copyright Fee: GBP5.60$c0$e01-oct-2006$fGBP5.60$g0$hC$5Uk
=ACF  \\$aPrevious Copyright Fee: GBP5.60$c0$e01-jul-2006$fGBP5.60$g0$hC$5Uk
=ACF  \\$aPrevious Copyright Fee: GBP5.60$c0$e01-apr-2006$fGBP5.60$g0$hC$5Uk
=ACF  \\$aPrevious Copyright Fee: GBP5.60$c0$e01-jan-2006$fGBP5.60$g0$hC$5Uk
=ACF  \\$aPrevious Copyright Fee: GBP5.60$c0$e01-oct-2005$fGBP5.60$g0$hC$5Uk
=ACF  \\$aPrevious Copyright Fee: GBP5.60$c0$e01-jul-2005$fGBP5.60$g0$hC$5Uk
=ACF  \\$aPrevious Copyright Fee: GBP5.60$c0$e01-apr-2005$fGBP5.60$g0$hC$5Uk
=ACF  \\$aPrevious Copyright Fee: GBP5.60$c0$e01-jan-2005$fGBP5.60$g0$hC$5Uk
=ACF  \\$aPrevious Copyright Fee: GBP4.80$c0$e01-oct-2004$fGBP4.80$g0$hC$5Uk
=ACF  \\$aPrevious copyright fee: GBP5.10$c0$e01-jul-2002$fGBP5.10$g0$hC$5Uk
=ACF  \\$aCurrent copyright fee: GBP4.40$c0$e01-jul-1998$fGBP4.40$g0$hA$5Uk
=ACF  \\$aCurrent copyright fee: GBP4.20$c0$e11-jun-1998$fGBP4.20$g0$hA$5Uk
=ACF  \\$aPrevious Copyright Fee: GBP58.75$c0$e01-jul-2012$fGBP58.75$g0$hC$5Uk
=ACF  \\$aPrevious Copyright Fee: GBP58.75$c0$e01-oct-2012$fGBP58.75$g0$hC$5Uk
=ACF  \\$aPrevious Copyright Fee: GBP12.30$c0$e01-apr-2015$fGBP12.30$g0$hC$5Uk
=ACF  \\$aPrevious Copyright Fee: GBP15.00$c0$e01-jan-2017$fGBP15.00$g0$hC$5Uk
=ACF  \\$aPrevious Copyright Fee: GBP17.50$c0$e01-jan-2018$fGBP17.50$g0$hC$5Uk
=ACF  \\$aPrevious Copyright Fee: GBP20.00$c0$e01-jan-2020$fGBP20.00$g0$hC$5Uk
=ACF  \\$aPrevious Copyright Fee: GBP22.50$c0$e01-jan-2021$fGBP22.50$g0$hC$5Uk
=AQN  \\$aISSN = ISDSX 11/6/98
=CAT  \\$aCONV$b00$c20040425$lBLL90$h0727
=CAT  \\$aBATCH-CLA$b00$c20111130$lBLL01$h1222
=CAT  \\$aIPL-CLA$c20111230$lBLL01$h1720
=CAT  \\$aBATCH-CLA$b00$c20120229$lBLL01$h1635
=CAT  \\$aIPL-CLA$c20120330$lBLL01$h1357
=CAT  \\$aBATCH-CLA$b00$c20120531$lBLL01$h1710
=CAT  \\$aIPL-CLA$c20120629$lBLL01$h0953
=CAT  \\$aBATCH-CLA$b00$c20120831$lBLL01$h1538
=CAT  \\$aIPL-CLA$c20120930$lBLL01$h2009
=CAT  \\$aBATCH-CLA$b00$c20121104$lBLL01$h1038
=CAT  \\$aWR13.005$c20130322$lBLL01$h1832
=CAT  \\$aWR14_140$c20140905$lBLL01$h1726
=CAT  \\$aBATCH-CLA$b00$c20150227$lBLL01$h1628
=CAT  \\$aIPL-CLA$c20150331$lBLL01$h1617
=CAT  \\$a11313$b40$c20150424$lBLL01$h1310
=CAT  \\$a10973$b40$c20150522$lBLL01$h1337
=CAT  \\$aBATCH-CLA$b00$c20161130$lBLL01$h1628
=CAT  \\$aIPL-CLA$c20161230$lBLL01$h1824
=CAT  \\$aBATCH-CLA$b00$c20171130$lBLL01$h1704
=CAT  \\$aIPL-CLA$c20171231$lBLL01$h1359
=CAT  \\$aBATCH-CLA$b00$c20191129$lBLL01$h1616
=CAT  \\$aIPL-CLA$c20191231$lBLL01$h1729
=CAT  \\$aBATCH-CLA$b00$c20201126$lBLL01$h1418
=CAT  \\$aIPL-CLA$c20201231$lBLL01$h1926
=CAT  \\$aBATCH-CLA$b00$c20221130$lBLL01$h1451
=CAT  \\$aIPL-CLA$c20221231$lBLL01$h1841
=CAT  \\$aBATCH-CLA$b00$c20230209$lBLL01$h1538
=CAT  \\$aIPL-CLA$c20230210$lBLL01$h0045
=CFI  0\$aCurrent Copyright Fee: GBP25.00$c0$e09-feb-2023$fGBP25.00$g0$hC$5Uk
=CFI  2\$aBritish Library not licensed to copy$c0$e01-jan-2023$hC$iCFP Excluded$5Uk
=FIN  \\$aY
=FMT  \\$a  SE
=LAS  \\$aIPL-CLA$b00$c20230210$lBLL01$h0045
=LEO  \\$aMP5.0001509213
=LEO  \\$aMP10.0000349117
=LEO  \\$aMP13.0000348186
=LEO  \\$aMP22.0000057428
=LKR  \\$aPAR$b012469964$lBLL01$r78000$mLloyd's law reports. Medical$nMedical law reports
=SRC  \\$aBNB03$bbibmp5.200404.2.ac
=SRC  \\$aDSS01$bbibmp10.200404.2.aa
=SRC  \\$aHSS01$bbibmp13.200404.2.aa
=SRC  \\$aISN01$bbibmp22.200404.2.aa
=TCO  \\$aCLA$bCLA$c008

