=LDR  05740cas a2201285 a 4500
=001  007922842
=003  Uk
=005  20230930080159.0
=007  ta
=008  990803c19989999enktr\p\\\\\\\0\\\a0eng\\
=015  \\$aGB9948994$2bnb
=019  y\$ab9948994
=019  9\$ab9948994
=019  c\$a2558814
=019  1\$ab9948994
=022  0\$a1369-6815
=039  0\$a2548
=040  \\$aUk$beng$cUk$dUk
=042  \\$aukblsr
=082  04$a960.05$221
=210  0\$aJ. Afr. cult. stud.
=222  \0$aJournal of African cultural studies
=245  00$aJournal of African cultural studies.
=260  \\$aAbingdon :$bCarfax,$c1998-
=264  31$aAbingdon :$bTaylor & Francis
=300  \\$av. :$bmaps ;$c25 cm.
=310  \\$aThree times a year
=321  \\$aTwo issues yearly
=336  \\$atext$2rdacontent
=337  \\$aunmediated$2rdamedia
=338  \\$avolume$2rdacarrier
=362  0\$aVol. 11, no. 1 (June 1998)-
=540  \\$aCurrent copyright fee: GBP37.00$c2\0$5Uk
=588  \\$aLatest issue consulted: volume 26, number 1 (March 2014).
=595  \\$aFORMERLY 0732.5963 UP TO VOL. 10, 1997 SEE ALSO 0732.5963 FOR H&SS HOLDINGS.
=650  \0$aCulture$zAfrica$vPeriodicals.
=651  \0$aAfrica$xSocial life and customs$vPeriodicals.
=776  08$iAlso issued online as:$tJournal of African cultural studies$x1469-9346
=780  00$tAfrican languages and cultures$x0954-416X
=852  41$aBritish Library$bDSC$j4919.988500$3Vol. 11, no. 1 (1998)-v. 23, no. 1 (2011)***UKRR Retained Title***Stock Incomplete
=852  41$aBritish Library$bHMNTS$jZC.9.a.5072$3Vol. 11, no. 1 (1998)-v. 27, no. 3 (2015)***title now taken as electronic copy only
=856  \\$31850-9999$uhttp://www.tandfonline.com/$xBLDSS
=945  \\$aJOURNAL OF AFRICAN CULTURAL STUDIES.
=959  \\$fHeld but not currently received
=963  \\$aVOL. 11, 1998- *A=1$bY$cU
=985  \\$aISSN responsibility taken by US ISSN Center (multinational publisher), April 8 2014.
=A02  \\$a2558814
=ACF  \\$aPrevious copyright fee: GBP17.00$c1\0$e01-jan-2010$fGBP17.00$g0$hP$5Uk
=ACF  \\$aPrevious copyright fee: GBP16.00$c1\0$e01-jan-2009$fGBP16.00$g0$hP$5Uk
=ACF  \\$aPrevious copyright fee: GBP15.00$c1\0$e01-apr-2008$fGBP15.00$g0$hP$5Uk
=ACF  \\$aPrevious copyright fee: GBP16.00$c1\0$e01-jan-2007$fGBP16.00$g0$hP$5Uk
=ACF  \\$aPrevious copyright fee: GBP13.00$c1\0$e01-jan-2005$fGBP13.00$g0$hP$5Uk
=ACF  \\$aPrevious copyright fee: GBP11.00$c1\0$e01-jan-2004$fGBP11.00$g0$hP$5Uk
=ACF  \\$aCurrent copyright fee: GBP10.00$c1\0$e01-apr-2002$fGBP10.00$g0$hP$5Uk
=ACF  \\$aCurrent copyright fee: GBP9.00$c1\0$e01-jan-2000$fGBP9.00$g0$hP$5Uk
=ACF  \\$aPrevious copyright fee: GBP21.00$c1\0$e01-jan-2011$fGBP21.00$g0$hP$5Uk
=ACF  \\$aPrevious copyright fee: GBP23.00$c1\0$e01-jan-2012$fGBP23.00$g0$hP$5Uk
=ACF  \\$aPrevious copyright fee: GBP23.50$c1\0$e01-jan-2013$fGBP23.50$g0$hP$5Uk
=ACF  \\$aPrevious copyright fee: GBP24.00$c1\0$e01-jan-2014$fGBP24.00$g0$hP$5Uk
=ACF  \\$aPrevious copyright fee: GBP25.00$c1\0$e01-jan-2015$fGBP25.00$g0$hP$5Uk
=ACF  \\$aPrevious copyright fee: GBP26.00$c1\0$e01-jan-2016$fGBP26.00$g0$hP$5Uk
=ACF  \\$aPrevious copyright fee: GBP28.00$c1\0$e01-jan-2017$fGBP28.00$g0$hP$5Uk
=ACF  \\$aPrevious copyright fee: GBP30.00$c1\0$e01-jan-2018$fGBP30.00$g0$hP$5Uk
=ACF  \\$aPrevious copyright fee: GBP32.00$c1\0$e01-jan-2019$fGBP32.00$g0$hP$5Uk
=ACF  \\$aPrevious copyright fee: GBP34.00$c1\0$e01-jan-2020$fGBP34.00$g0$hP$5Uk
=ACF  \\$aPrevious copyright fee: GBP35.00$c1\0$e01-jan-2021$fGBP35.00$g0$hP$5Uk
=CAT  \\$aWR09-126
=CAT  \\$a11205$b40$c20140328$lBLL01$h1511
=CAT  \\$a11313$b40$c20140408$lBLL01$h0907
=CAT  \\$aWR14_140$c20140905$lBLL01$h1726
=CAT  \\$aBATCH-UPD$b00$c20141124$lBLL01$h1741
=CAT  \\$aBLDSS-3PM$b00$c20141130$lBLL01$h1245
=CAT  \\$aIPL-CLA$c20141231$lBLL01$h1642
=CAT  \\$aBATCH-UPD$b00$c20151119$lBLL01$h1520
=CAT  \\$aIPL-CLA$c20151231$lBLL01$h1907
=CAT  \\$a8124$b40$c20160209$lBLL01$h1427
=CAT  \\$aBATCH-UPD$b40$c20160413$lBLL01$h1803
=CAT  \\$aBATCH-UPD$b40$c20161003$lBLL01$h1500
=CAT  \\$aBATCH-UPD$b40$c20161122$lBLL01$h1442
=CAT  \\$aIPL-CLA$c20161230$lBLL01$h1824
=CAT  \\$aBATCH-UPD$b00$c20171121$lBLL01$h1622
=CAT  \\$aIPL-CLA$c20171231$lBLL01$h1359
=CAT  \\$aBATCH-UPD$b00$c20181217$lBLL01$h1628
=CAT  \\$aIPL-CLA$c20181231$lBLL01$h1533
=CAT  \\$aBATCH-UPD$b00$c20191122$lBLL01$h1841
=CAT  \\$aIPL-CLA$c20191231$lBLL01$h1729
=CAT  \\$aBATCH-UPD$b00$c20201118$lBLL01$h1323
=CAT  \\$aIPL-CLA$c20201231$lBLL01$h1519
=CAT  \\$aBATCH-UPD$b00$c20221121$lBLL01$h1318
=CAT  \\$aIPL-CLA$c20221231$lBLL01$h1434
=CAT  \\$aR2308-1440$c20230824$lBLL01$h0925
=CAT  \\$aIPL-CLA$c20230930$lBLL01$h0801
=CFI  0\$aCurrent copyright fee: GBP37.00$c2\0$e01-oct-2023$fGBP37.00$g0$hP$5Uk
=CFI  2\$aPrevious copyright fee: GBP37.00$c1\0$e01-jan-2023$fGBP37.00$g0$hP$5Uk
=FFP  \\$aY$bBLDSS-3PM
=FIN  \\$aY
=FMT  \\$a  SE
=LAS  \\$aIPL-CLA$b00$c20230930$lBLL01$h0801
=LEO  \\$aMP5.0001510556
=LEO  \\$aMP10.0000318732
=LEO  \\$aMP13.0000348632
=LEO  \\$aMP22.0000055747
=LET  \0$aJournal of African cultural studies (Print)
=LKR  \\$aPAR$b013356845$lBLL01$nJournal of African cultural studies (Online)$mJournal of African cultural studies (Print)$r776
=SRC  \\$aBNB03$bbibmp5.200404.2.ac
=SRC  \\$aDSS01$bbibmp10.200404.2.aa
=SRC  \\$aHSS01$bbibmp13.200404.2.aa
=SRC  \\$aISN01$bbibmp22.200404.2.aa
=TCO  \\$aCLA$bCLA$c008
=TOC  \\$aETOC

