=LDR  04700cas a2201081 a 4500
=001  008206896
=003  Uk
=005  20221231184320.0
=007  ta
=008  950710d19912010enkmr\p\\\\\\\0\\\a0eng\\
=019  0\$as170362019
=019  c\$a2436905
=022  0\$a0960-5045
=040  \\$aUk$beng$cUk$dUk
=042  \\$aukblsr
=082  04$a660$221
=084  \\$aLQ 05$2blsrissc
=210  0\$aProcess chem. eng.$b(Camb.)
=222  \0$aProcess and chemical engineering$b(Cambridge)
=245  00$aProcess and chemical engineering.
=246  3\$aProcess & chemical engineering
=246  17$aPCE
=260  \\$aCambridge :$bRoyal Society of Chemistry,$c1991-2010.
=260  3\$3-2010$aFrankfurt am Main :$bDECHEMA
=300  \\$av. ;$c30 cm.
=310  \\$aMonthly
=336  \\$atext$2rdacontent
=337  \\$aunmediated$2rdamedia
=338  \\$avolume$2rdacarrier
=362  0\$aVol. 10, no. 1 (Jan. 1991)-v. 29, issue 12 (2010).
=490  0\$aChemical engineering and biotechnology abstracts
=500  \\$aProduced from the Chemical engineering and biolotechnology abstracts database.
=540  \\$aCurrent Copyright Fee: GBP25.00$c0$5Uk
=588  \\$aLatest issue consulted: Vol. 29, issue 5 (May 2010).
=595  \\$aFORMERLY 3141.5 UP TO VOL. 9, 1990 SEE ALSO SERIAL RECORDS ICE SEE ALSO SERIAL STORES.
=650  \0$aChemical engineering$xAbstracts$vPeriodicals.
=710  2\$aRoyal Society of Chemistry (Great Britain)
=780  00$tChemical engineering abstracts$x0262-6438
=852  41$aBritish Library$bDSC$j6849.983280$3Volume 10 (1991)-Volume 24, Issue 12 (2005)
=852  71$aBritish Library$bSTI$k(A)$hLQ 05$m-E(5)$2blsrissc$3Vol. 10, no. 2 (1991)-v. 29, no. 12 (2010); Deficient: vol.10, no.1, 1991
=945  \\$aPROCESS AND CHEMICAL ENGINEERING -CAMBRIDGE THEN FRANKFURT AM MAIN-.
=959  \\$fHeld but not currently received
=963  \\$aVOL. 10, 1991- *A=1$bY$cL361.B.200
=985  \\$aResponsibility for ISSN transferred to Germany 2/07/2004
=985  \\$aRecord merged by DQ team
=ACF  \\$aPrevious copyright fee: GBP5.00$c0$e01-jul-2002$fGBP5.00$g0$hC$5Uk
=ACF  \\$aCurrent copyright fee: GBP2.50$c0$e08-jun-2001$fGBP2.50$g0$hC$5Uk
=ACF  \\$aBritish Library not licensed to copy$c0$e01-apr-1997$g0$iCLA-excluded$5Uk
=ACF  \\$aPrevious copyright fee: GBP10.50$c0$e01-jan-2011$fGBP10.50$g0$hA$5Uk
=ACF  \\$aPrevious copyright fee: GBP12.00$c0$e01-jan-2012$fGBP12.00$g0$hA$5Uk
=ACF  \\$aPrevious Copyright Fee: GBP12.30$c0$e01-jan-2014$fGBP12.30$g0$hA$5Uk
=ACF  \\$aPrevious Copyright Fee: GBP15.00$c0$e01-jan-2017$fGBP15.00$g0$hA$5Uk
=ACF  \\$aPrevious Copyright Fee: GBP17.50$c0$e01-jan-2018$fGBP17.50$g0$hA$5Uk
=ACF  \\$aPrevious Copyright Fee: GBP20.00$c0$e01-jan-2020$fGBP20.00$g0$hA$5Uk
=CAT  \\$aCONV$b00$c20040425$lBLL90$h0852
=CAT  \\$a6537$b40$c20090807$lBLL01$h1354
=CAT  \\$a6537$b40$c20090807$lBLL01$h1359
=CAT  \\$aBATCH$b00$c20091208$lBLL01$h0342
=CAT  \\$aBATCH-UPD$b00$c20101201$lBLL01$h1214
=CAT  \\$aIPL-CLA$c20101231$lBLL01$h1217
=CAT  \\$a11205$b40$c20110420$lBLL01$h1607
=CAT  \\$a11205$b40$c20110421$lBLL01$h0827
=CAT  \\$a7792$b40$c20111112$lBLL01$h1053
=CAT  \\$aWR11_203$c20111204$lBLL01$h1308
=CAT  \\$aIPL-CLA$c20111230$lBLL01$h1721
=CAT  \\$aBATCH-CLA$b00$c20121104$lBLL01$h1037
=CAT  \\$aWR13.005$c20130323$lBLL01$h1228
=CAT  \\$aBATCH-CLA$c20131217$lBLL01$h0130
=CAT  \\$aIPL-CLA$c20131231$lBLL01$h1913
=CAT  \\$aBATCH-CLA$b00$c20161222$lBLL01$h1703
=CAT  \\$aIPL-CLA$c20161230$lBLL01$h1826
=CAT  \\$aBATCH-CLA$b00$c20171222$lBLL01$h1959
=CAT  \\$aIPL-CLA$c20171231$lBLL01$h1401
=CAT  \\$aBATCH-CLA$b00$c20191219$lBLL01$h1628
=CAT  \\$aIPL-CLA$c20191231$lBLL01$h1730
=CAT  \\$aR2001-1524$c20200127$lBLL01$h1927
=CAT  \\$aBATCH-CLA$b00$c20201204$lBLL01$h1424
=CAT  \\$aIPL-CLA$c20201231$lBLL01$h1928
=CAT  \\$aBATCH-CLA$b00$c20221221$lBLL01$h1728
=CAT  \\$aIPL-CLA$c20221231$lBLL01$h1843
=CFI  0\$aCurrent Copyright Fee: GBP25.00$c0$e01-jan-2023$fGBP25.00$g0$hA$5Uk
=CFI  2\$aPrevious Copyright Fee: GBP22.50$c0$e01-jan-2021$fGBP22.50$g0$hA$5Uk
=FIN  \\$aY
=FMT  \\$a  SE
=LAS  \\$aIPL-CLA$b00$c20221231$lBLL01$h1843
=LEO  \\$aMP22.0000033285
=LEO  \\$aMP25.0000071125
=LEO  \\$aMP10.0000461414
=LKR  \\$aPAR$b011178433$lBLL01$r78000$mProcess and chemical engineering (Cambridge)$nChemical engineering abstracts
=SRC  \\$aDSS01$bbibmp10.200404.2.aa
=SRC  \\$aISN01$bbibmp22.200404.2.aa
=SRC  \\$aSRI01$bbibmp25.200404.2.aa
=TCO  \\$aCLA$bCLA$c008

