=LDR  06658cas a2201393 i 4500
=001  008208870
=003  Uk
=005  20221231143427.0
=007  ta
=008  770419c19619999paubr\p\\\\\\\0\\\b0mul\\
=019  c\$a2124583
=019  0\$as201184001
=022  0\$a0031-8884$z0099-9997
=040  \\$aUk$cUk$dUk
=082  04$a579.805$223
=084  \\$aD 0$2blsrissc
=210  0\$aPhycologia$b(Oxf.)
=222  \0$aPhycologia$b(Oxford)
=245  00$aPhycologia.
=246  03$aPhycologia (Berkeley)
=260  \\$aOxford :$bBlackwell Science,$c1961-
=264  31$32019-$aPhiladelphia, PA:$bTaylor & Francis Group
=300  \\$c28 cm.
=310  \\$aBimonthly
=336  \\$atext$2rdacontent
=337  \\$aunmediated$2rdamedia
=338  \\$avolume$2rdacarrier
=500  \\$aPublished for the International Phycological Society.
=540  \\$aCurrent copyright fee: GBP37.00$c2\0$5Uk
=710  2\$aInternational Phycological Society.
=776  08$iAlso issued online as:$tPhycologia$x2330-2968
=852  41$aBritish Library$bDSC$j6474.650000$3Vol. 2 (1962)-v. 58 (2019)***UKRR Retained Title
=852  71$aBritish Library$bSTI$k(P)$hD 0$m-E(1)$2blsrissc$31961-1995; Vol.1-34. ; Deficient: vol 4, no.2; vol.32, no.3-4
=856  \\$31850-9999$uhttp://www.tandfonline.com/$xBLDSS
=945  \\$aPHYCOLOGIA.
=959  \\$fHeld but not currently received
=963  \\$aVOL. 13, 1974- 34, 1995 *A=1$bY$cP370.B.145
=968  \\$bx
=985  \\$aISSN note: responsibility for ISSN transferred to US ISSN Center from the ISSN UK Centre, 25.07.13
=985  \\$aCorrected by MS generated file for WR# 12.018
=A02  \\$a2124583
=ACF  \\$aPrevious copyright fee: GBP12.00$c0$e01-jan-2012$fGBP12.00$g0$hC$5Uk
=ACF  \\$aPrevious Copyright Fee: GBP10.50$c0$e01-jan-2011$fGBP10.50$g0$hC$5Uk
=ACF  \\$aPrevious Copyright Fee: GBP2.14$c0$e01-jul-2009$fGBP2.14$g0$hC$5Uk
=ACF  \\$aPrevious Copyright Fee: GBP2.14$c0$e01-apr-2009$fGBP2.14$g0$hC$5Uk
=ACF  \\$aPrevious Copyright Fee: GBP1.88$c0$e01-jan-2009$fGBP1.88$g0$hC$5Uk
=ACF  \\$aPrevious Copyright Fee: GBP1.50$c0$e01-oct-2008$fGBP1.50$g0$hC$5Uk
=ACF  \\$aPrevious Copyright Fee: GBP1.50$c0$e01-jul-2008$fGBP1.50$g0$hC$5Uk
=ACF  \\$aPrevious Copyright Fee: GBP1.50$c0$e01-apr-2008$fGBP1.50$g0$hC$5Uk
=ACF  \\$aPrevious Copyright Fee: GBP1.50$c0$e01-jan-2008$fGBP1.50$g0$hC$5Uk
=ACF  \\$aPrevious Copyright Fee: GBP1.50$c0$e01-oct-2007$fGBP1.50$g0$hC$5Uk
=ACF  \\$aPrevious Copyright Fee: GBP1.50$c0$e01-jul-2007$fGBP1.50$g0$hC$5Uk
=ACF  \\$aPrevious Copyright Fee: GBP1.54$c0$e01-apr-2007$fGBP1.54$g0$hC$5Uk
=ACF  \\$aPrevious Copyright Fee: GBP1.62$c0$e01-jan-2007$fGBP1.62$g0$hC$5Uk
=ACF  \\$aPrevious Copyright Fee: GBP1.62$c0$e01-oct-2006$fGBP1.62$g0$hC$5Uk
=ACF  \\$aPrevious Copyright Fee: GBP1.71$c0$e01-jul-2006$fGBP1.71$g0$hC$5Uk
=ACF  \\$aPrevious Copyright Fee: GBP1.71$c0$e01-apr-2006$fGBP1.71$g0$hC$5Uk
=ACF  \\$aPrevious Copyright Fee: GBP1.67$c0$e01-jan-2006$fGBP1.67$g0$hC$5Uk
=ACF  \\$aPrevious copyright fee: GBP5.00$c0$e01-jan-2003$fGBP5.00$g0$hC$5Uk
=ACF  \\$aCurrent copyright fee: GBP6.80$c0$e01-apr-1997$fGBP6.80$g0$hC$5Uk
=ACF  \\$aPrevious Copyright Fee: GBP1.82$c0$e01-jul-2012$fGBP1.82$g0$hC$5Uk
=ACF  \\$aPrevious Copyright Fee: GBP1.94$c0$e01-oct-2012$fGBP1.94$g0$hC$5Uk
=ACF  \\$aPrevious Copyright Fee: GBP1.88$c0$e01-jan-2013$fGBP1.88$g0$hC$5Uk
=ACF  \\$aPrevious Copyright Fee: GBP1.94$c0$e01-jul-2013$fGBP1.94$g0$hC$5Uk
=ACF  \\$aPrevious Copyright Fee: GBP1.80$c0$e01-oct-2013$fGBP1.80$g0$hC$5Uk
=ACF  \\$aPrevious Copyright Fee: GBP1.88$c0$e01-jan-2014$fGBP1.88$g0$hC$5Uk
=ACF  \\$aBritish Library not licensed to copy$c0$e01-apr-2014$hC$iCFP Excluded$5Uk
=ACF  \\$aPrevious Copyright Fee: GBP21.21$c0$e01-jul-2014$fGBP21.21$g0$hC$5Uk
=ACF  \\$aPrevious Copyright Fee: GBP23.33$c0$e01-apr-2015$fGBP23.33$g0$hC$5Uk
=ACF  \\$aPrevious Copyright Fee: GBP22.58$c0$e01-oct-2015$fGBP22.58$g0$hC$5Uk
=ACF  \\$aPrevious Copyright Fee: GBP24.14$c0$e01-apr-2016$fGBP24.14$g0$hC$5Uk
=ACF  \\$aPrevious Copyright Fee: GBP25.93$c0$e01-oct-2016$fGBP25.93$g0$hC$5Uk
=ACF  \\$aPrevious Copyright Fee: GBP28.00$c0$e01-apr-2017$fGBP28.00$g0$hC$5Uk
=ACF  \\$aPrevious Copyright Fee: GBP26.60$c0$e01-oct-2017$fGBP26.60$g0$hC$5Uk
=ACF  \\$aPrevious Copyright Fee: GBP26.92$c0$e01-jan-2018$fGBP26.92$g0$hC$5Uk
=ACF  \\$aPrevious Copyright Fee: GBP26.92$c0$e01-oct-2018$fGBP26.92$g0$hC$5Uk
=ACF  \\$aPrevious Copyright Fee: GBP25.00$c0$e01-apr-2018$fGBP25.00$g0$hC$5Uk
=ACF  \\$aPrevious copyright fee: GBP32.00$c2\0$e11-jul-2019$fGBP32.00$g0$hP$5Uk
=ACF  \\$aPrevious copyright fee: GBP34.00$c2\0$e01-jan-2020$fGBP34.00$g0$hP$5Uk
=CAT  \\$aWR09-126
=CAT  \\$aIPL-CLA$c20160331$lBLL01$h1701
=CAT  \\$aBATCH-CLA$b00$c20160831$lBLL01$h1648
=CAT  \\$aIPL-CLA$c20160930$lBLL01$h1545
=CAT  \\$aBATCH-CLA$b00$c20170228$lBLL01$h1627
=CAT  \\$aIPL-CLA$c20170331$lBLL01$h1829
=CAT  \\$aBATCH-CLA$b00$c20170831$lBLL01$h1626
=CAT  \\$aIPL-CLA$c20170929$lBLL01$h1711
=CAT  \\$aBATCH-CLA$b00$c20171130$lBLL01$h1704
=CAT  \\$aIPL-CLA$c20171231$lBLL01$h1401
=CAT  \\$aBATCH-CLA$b00$c20180228$lBLL01$h1640
=CAT  \\$aIPL-CLA$c20180331$lBLL01$h1559
=CAT  \\$aBATCH-CLA$b00$c20180831$lBLL01$h1626
=CAT  \\$aIPL-CLA$c20180930$lBLL01$h1452
=CAT  \\$a5997$b40$c20190710$lBLL01$h1229
=CAT  \\$a5552$b40$c20190711$lBLL01$h1342
=CAT  \\$aBLDSS-3PM$b00$c20190717$lBLL01$h1521
=CAT  \\$aBATCH-UPD$b00$c20190717$lBLL01$h1521
=CAT  \\$aBATCH-UPD$b00$c20191122$lBLL01$h1858
=CAT  \\$a10806$b40$c20191206$lBLL01$h1113
=CAT  \\$aIPL-CLA$c20191231$lBLL01$h1730
=CAT  \\$aBATCH-UPD$b00$c20201118$lBLL01$h1332
=CAT  \\$aIPL-CLA$c20201231$lBLL01$h1519
=CAT  \\$a6558$b40$c20210608$lBLL01$h1236
=CAT  \\$aBATCH-UPD$b40$c20221121$lBLL01$h1344
=CAT  \\$aIPL-CLA$c20221231$lBLL01$h1434
=CFI  0\$aCurrent copyright fee: GBP37.00$c2\0$e01-jan-2023$fGBP37.00$g0$hP$5Uk
=CFI  2\$aPrevious copyright fee: GBP35.00$c2\0$e01-jan-2021$fGBP35.00$g0$hP$5Uk
=FFP  \\$aY$bBLDSS-3PM
=FIN  \\$aY
=FMT  \\$a  SE
=LAS  \\$aIPL-CLA$b00$c20221231$lBLL01$h1434
=LEO  \\$aMP10.0000439121
=LEO  \\$aMP22.0000001661
=LEO  \\$aMP25.0000073809
=SRC  \\$aDSS01$bbibmp10.200404.2.aa
=SRC  \\$aISN01$bbibmp22.200404.2.aa
=SRC  \\$aSRI01$bbibmp25.200404.2.aa
=TCO  \\$aCLA$bCLA$c008
=TOC  \\$aETOC

