=LDR  07824cas a22016217a 4500
=001  008209553
=003  Uk
=005  20221231143427.0
=007  ta
=008  771001c19629999enkqr\p\\\\\\\0\\\a0eng\\
=019  c\$a2093135
=019  x\$a1971610097
=019  0\$as202341003
=022  0\$a0021-8839$z1751-2891
=030  \\$aJACRAQ
=040  \\$aUk$beng$cUk$dUk
=042  \\$aukblsr
=082  04$a638.1$221
=084  \\$aEE 80$2blsrissc
=210  0\$aJ. Apic. Res.
=222  \0$aJournal of Apicultural Research
=245  00$aJournal of apicultural research.
=246  1\$iTitle of short duration:$aJournal of apicultural research & bee world$fvol. 45, no. 1 (2006)-v. 45, no. 3 (2006)
=246  17$aJournal of apicultural research & bee world,$f2006-<2009>
=264  31$aAbingdon :$bTaylor & Francis
=264  \1$aLondon :$bBee Research Association,$c1962-.
=300  \\$av ;$c(8º)
=310  \\$aQuarterly
=336  \\$atext$2rdacontent
=337  \\$aunmediated$2rdamedia
=338  \\$avolume$2rdacarrier
=340  \\$m8vo$2rdabf
=362  1\$aBegan in 1961.
=540  \\$aCurrent copyright fee: GBP43.00$c2\0$5Uk
=588  \\$aLatest issue consulted: volume 54, number 4 (2015).
=595  \\$aSee also Serial Records ENT.
=650  \0$aBee culture$vPeriodicals.
=710  2\$aBee Research Association.
=776  08$iAlso issued online as:$tJournal of apicultural research$x2078-6913
=780  05$tBee world$x0005-772X
=787  0\$tBuzz extra$x1757-5400
=852  41$aBritish Library$bHMNTS$jP.P.8000.sc.
=852  41$aBritish Library$bDSC$j4939.600000$3Vol. 1 (1962)-v. 55, no. 5 (2016)***UKRR Retained Title***Stock Incomplete
=852  71$aBritish Library$bSTI$k(P)$hEE 80$m-E(7)$2blsrissc$3Vol. 1 (1962)-v. 48, no. 4 (2009)
=856  \\$31850-9999$uhttp://www.tandfonline.com/$xBLDSS
=945  \\$aJournal of apicultural research
=959  \\$fHeld but not currently received
=963  \\$a1962-$bN$cL441.C.130
=968  \\$aC
=985  \\$aResponsibility for ISSN transferred to ISSN International Centre from ISSN UK Centre, 23.02.2010
=985  \\$aCorrected by MS generated file for WR# 1805-0738
=ACF  \\$aPrevious Copyright Fee: GBP12.00$c0$e01-apr-2012$fGBP12.00$g0$hC$5Uk
=ACF  \\$aPrevious Copyright Fee: GBP12.00$c0$e01-jan-2012$fGBP12.00$g0$hC$5Uk
=ACF  \\$aPrevious Copyright Fee: GBP10.50$c0$e01-oct-2011$fGBP10.50$g0$hC$5Uk
=ACF  \\$aPrevious Copyright Fee: GBP10.50$c0$e01-jul-2011$fGBP10.50$g0$hC$5Uk
=ACF  \\$aPrevious Copyright Fee: GBP10.50$c0$e01-apr-2011$fGBP10.50$g0$hC$5Uk
=ACF  \\$aPrevious Copyright Fee: GBP10.50$c0$e01-jan-2011$fGBP10.50$g0$hC$5Uk
=ACF  \\$aPrevious Copyright Fee: GBP9.00$c0$e01-oct-2010$fGBP9.00$g0$hC$5Uk
=ACF  \\$aPrevious Copyright Fee: GBP9.00$c0$e01-jul-2010$fGBP9.00$g0$hC$5Uk
=ACF  \\$aPrevious Copyright Fee: GBP9.00$c0$e01-apr-2010$fGBP9.00$g0$hC$5Uk
=ACF  \\$aPrevious Copyright Fee: GBP9.00$c0$e01-Jan-2010$fGBP9.00$g0$hC$5Uk
=ACF  \\$aPrevious Copyright Fee: GBP6.00$c0$e01-oct-2009$fGBP6.00$g0$hC$5Uk
=ACF  \\$aPrevious Copyright Fee: GBP6.00$c0$e01-jul-2009$fGBP6.00$g0$hC$5Uk
=ACF  \\$aPrevious Copyright Fee: GBP6.00$c0$e01-apr-2009$fGBP6.00$g0$hC$5Uk
=ACF  \\$aPrevious Copyright Fee: GBP6.00$c0$e01-jan-2009$fGBP6.00$g0$hC$5Uk
=ACF  \\$aPrevious Copyright Fee: GBP6.00$c0$e01-oct-2008$fGBP6.00$g0$hC$5Uk
=ACF  \\$aPrevious Copyright Fee: GBP6.00$c0$e01-jul-2008$fGBP6.00$g0$hC$5Uk
=ACF  \\$aPrevious Copyright Fee: GBP6.00$c0$e01-apr-2008$fGBP6.00$g0$hC$5Uk
=ACF  \\$aPrevious Copyright Fee: GBP6.00$c0$e01-jan-2008$fGBP6.00$g0$hC$5Uk
=ACF  \\$aPrevious Copyright Fee: GBP5.00$c0$e01-oct-2007$fGBP5.00$g0$hC$5Uk
=ACF  \\$aPrevious Copyright Fee: GBP5.00$c0$e01-jul-2007$fGBP5.00$g0$hC$5Uk
=ACF  \\$aPrevious Copyright Fee: GBP5.00$c0$e01-apr-2007$fGBP5.00$g0$hC$5Uk
=ACF  \\$aPrevious Copyright Fee: GBP5.00$c0$e01-jan-2007$fGBP5.00$g0$hC$5Uk
=ACF  \\$aPrevious Copyright Fee: GBP5.00$c0$e01-oct-2006$fGBP5.00$g0$hC$5Uk
=ACF  \\$aPrevious Copyright Fee: GBP5.00$c0$e01-jul-2006$fGBP5.00$g0$hC$5Uk
=ACF  \\$aPrevious Copyright Fee: GBP5.00$c0$e01-apr-2006$fGBP5.00$g0$hC$5Uk
=ACF  \\$aPrevious Copyright Fee: GBP5.00$c0$e01-jan-2006$fGBP5.00$g0$hC$5Uk
=ACF  \\$aPrevious Copyright Fee: GBP5.00$c0$e01-oct-2005$fGBP5.00$g0$hC$5Uk
=ACF  \\$aPrevious Copyright Fee: GBP5.00$c0$e01-jul-2005$fGBP5.00$g0$hC$5Uk
=ACF  \\$aPrevious Copyright Fee: GBP5.00$c0$e01-apr-2005$fGBP5.00$g0$hC$5Uk
=ACF  \\$aPrevious Copyright Fee: GBP5.00$c0$e01-jan-2005$fGBP5.00$g0$hC$5Uk
=ACF  \\$aPrevious Copyright Fee: GBP5.00$c0$e01-oct-2004$fGBP5.00$g0$hC$5Uk
=ACF  \\$aPrevious copyright fee: GBP5.00$c0$e01-jul-2002$fGBP5.00$g0$hC$5Uk
=ACF  \\$aCurrent copyright fee: GBP2.11$c0$e01-jul-2001$fGBP2.11$g0$hC$5Uk
=ACF  \\$aCurrent copyright fee: GBP2.00$c0$e01-jul-2000$fGBP2.00$g0$hC$5Uk
=ACF  \\$aPrevious Copyright Fee: GBP12.00$c0$e01-jul-2012$fGBP12.00$g0$hC$5Uk
=ACF  \\$aPrevious Copyright Fee: GBP12.00$c0$e01-oct-2012$fGBP12.00$g0$hC$5Uk
=ACF  \\$aPrevious Copyright Fee: GBP12.30$c0$e01-apr-2015$fGBP12.30$g0$hC$5Uk
=ACF  \\$aPrevious Copyright Fee: GBP35.65$c0$e01-jan-2016$fGBP35.65$g0$hC$5Uk
=ACF  \\$aPrevious copyright fee: GBP31.00$c2\0$e01-apr-2016$fGBP31.00$g0$hP$5Uk
=ACF  \\$aPrevious copyright fee: GBP33.00$c2\0$e01-jan-2017$fGBP33.00$g0$hP$5Uk
=ACF  \\$aPrevious copyright fee: GBP35.00$c2\0$e01-jan-2018$fGBP35.00$g0$hP$5Uk
=ACF  \\$aPrevious copyright fee: GBP37.00$c2\0$e01-jan-2019$fGBP37.00$g0$hP$5Uk
=ACF  \\$aPrevious copyright fee: GBP39.00$c2\0$e01-jan-2020$fGBP39.00$g0$hP$5Uk
=CAT  \\$aCONV$b00$c20040425$lBLL90$h0853
=CAT  \\$aIPL-CLA$c20151231$lBLL01$h1907
=CAT  \\$a8124$b40$c20160210$lBLL01$h1236
=CAT  \\$a5552$b40$c20160302$lBLL01$h1442
=CAT  \\$aIPL-CLA$c20160331$lBLL01$h1701
=CAT  \\$aBLDSS-3PM$b00$c20160404$lBLL01$h1601
=CAT  \\$aBATCH-UPD$b00$c20160523$lBLL01$h0922
=CAT  \\$a8483$b40$c20160708$lBLL01$h1201
=CAT  \\$aBATCH-UPD$b40$c20161122$lBLL01$h1503
=CAT  \\$aIPL-CLA$c20161230$lBLL01$h1826
=CAT  \\$a9602$b40$c20170331$lBLL01$h1156
=CAT  \\$a9602$b40$c20170331$lBLL01$h1232
=CAT  \\$a5552$b40$c20170425$lBLL01$h0931
=CAT  \\$aBATCH-UPD$b40$c20171121$lBLL01$h1654
=CAT  \\$aIPL-CLA$c20171231$lBLL01$h1401
=CAT  \\$a8335$b40$c20180314$lBLL01$h1115
=CAT  \\$aBATCH-UPD$b40$c20181217$lBLL01$h1643
=CAT  \\$aIPL-CLA$c20181231$lBLL01$h1533
=CAT  \\$a1805-0738$c20190121$lBLL01$h1740
=CAT  \\$a1805-0738$b00$c20190121$lBLL01$h1744
=CAT  \\$aBATCH-UPD$b00$c20191122$lBLL01$h1905
=CAT  \\$aIPL-CLA$c20191231$lBLL01$h1730
=CAT  \\$aBATCH-UPD$b00$c20201118$lBLL01$h1339
=CAT  \\$aIPL-CLA$c20201231$lBLL01$h1519
=CAT  \\$aBATCH-UPD$b00$c20221121$lBLL01$h1338
=CAT  \\$aIPL-CLA$c20221231$lBLL01$h1434
=CFI  0\$aCurrent copyright fee: GBP43.00$c2\0$e01-jan-2023$fGBP43.00$g0$hP$5Uk
=CFI  2\$aPrevious copyright fee: GBP41.00$c2\0$e01-jan-2021$fGBP41.00$g0$hP$5Uk
=FFP  \\$aY$bBLDSS-3PM
=FIN  \\$aY
=FMT  \\$a  SE
=LAS  \\$aIPL-CLA$b00$c20221231$lBLL01$h1434
=LEO  \\$aMP10.0000319070
=LEO  \\$aMP1.0002355689
=LEO  \\$aMP22.0000001107
=LEO  \\$aMP25.0000074651
=LET  \0$aJournal of apicultural research (Print)
=LKR  \\$aPAR$b009542349$lBLL01$r78005$mJournal of apicultural research$nBee world
=SRC  \\$aBLS01$bbibmp1.200404.2.ac
=SRC  \\$aDSS01$bbibmp10.200404.2.aa
=SRC  \\$aISN01$bbibmp22.200404.2.aa
=SRC  \\$aSRI01$bbibmp25.200404.2.aa
=TCO  \\$aCLA$bCLA$c008
=TOC  \\$aETOC

