=LDR  04796cas a2201117 a 4500
=001  008214313
=003  Uk
=005  20230210004548.0
=007  ta
=008  831101c19509999enkqr\p\\\\\\\0\\\a0eng\\
=019  c\$a2112853
=019  0\$as214456005
=019  x\$a2313820254
=022  0\$a0027-7630
=040  \\$aUk$cUk$dUk
=082  04$a510.5$223
=084  \\$aP 00$2blsrissc
=210  0\$aNagoya math. j.
=222  \0$aNagoya mathematical journal
=245  00$aNagoya mathematical journal.
=260  \\$aNagoya :$bNagoya University,$c1950-
=264  31$aCambridge :$bCambridge University Press on behalf of the editorial board of the Nagoya Mathematical Journal
=300  \\$av. :$bill. ;$c26 cm.
=310  \\$aQuarterly
=336  \\$atext$2rdacontent
=337  \\$aunmediated$2rdamedia
=338  \\$avolume$2rdacarrier
=362  0\$aVol. 1 (June 1950)-
=540  \\$aCurrent Copyright Fee: GBP22.50$c0$5Uk
=546  \\$aText in English, French, and German.
=555  \\$aVols. 1 (1950)-16 (1960), with v. 16; v. 1 (1950)-40 (1970). 1 v.; v. 101 (1986)-110 (1988). 1 v.; v. 101 (1986)-150(1998). 1 v.; v. 151 (1998)-160 (2000). 1 v.
=588  \\$aLatest issue consulted: volume 225 (March 2017).
=595  \\$aSEE ALSO SERIAL RECORDS KCS/SE.
=650  \0$aMathematics$vPeriodicals.
=710  2\$aNagoya Daigaku.$bSūgaku Kyōshitsu.
=776  08$iAlso issued online as:$tNagoya mathematical journal$x2152-6842
=852  41$aBritish Library$bHMNTS$jAc.2697.r.
=852  41$aBritish Library$bDSC$j6015.000000$3Vol. 2 (1951)-v. 196 (2009)***UKRR Retained Title***Stock Incomplete
=852  71$aBritish Library$bSTI$k(P)$hP 00$m-E(65)$2blsrissc$3Vol. 1 (1950)-***UKRR Retained Title
=945  \\$aNAGOYA MATHEMATICAL JOURNAL.
=959  \\$fHeld but not currently received
=963  \\$aCA/U81 VOL. 1, 1950- *A=1$bY
=964  \\$aVOL. 1, 1950- *A=1$c51$dQ$eTN0018
=985  \\$aRecord merged by DQ team
=985  \\$aISSN responsibility transfer from Japan to UK in progress (Richard, 10/02/17)
=A02  \\$a2112853
=ACF  \\$aPrevious copyright fee: GBP5.00$c0$e01-jul-2002$fGBP5.00$g0$hC$5Uk
=ACF  \\$aCurrent copyright fee: GBP4.40$c0$e01-jul-1998$fGBP4.40$g0$hA$5Uk
=ACF  \\$aCurrent copyright fee: GBP4.20$c0$e01-apr-1997$fGBP4.20$g0$hA$5Uk
=ACF  \\$aPrevious copyright fee: GBP10.50$c0$e01-jan-2011$fGBP10.50$g0$hA$5Uk
=ACF  \\$aPrevious copyright fee: GBP12.00$c0$e01-jan-2012$fGBP12.00$g0$hA$5Uk
=ACF  \\$aPrevious Copyright Fee: GBP12.30$c0$e01-jan-2014$fGBP12.30$g0$hA$5Uk
=ACF  \\$aPrevious Copyright Fee: GBP25.00$c43\0$e01-jul-2016$fGBP25.00$g0$hP$5Uk
=ACF  \\$aPrevious Copyright Fee: GBP17.50$c0$e01-apr-2019$fGBP17.50$g0$hA$5Uk
=ACF  \\$aPrevious Copyright Fee: GBP10.00$c0$e01-jul-2019$fGBP10.00$g0$hC$5Uk
=ACF  \\$aPrevious Copyright Fee: GBP22.50$c0$e01-apr-2021$fGBP22.50$g0$hC$5Uk
=CAT  \\$aCONV$b00$c20040425$lBLL90$h0853
=CAT  \\$aWR11_203$c20111204$lBLL01$h1308
=CAT  \\$aIPL-CLA$c20111230$lBLL01$h1721
=CAT  \\$aBATCH-CLA$b00$c20121104$lBLL01$h1037
=CAT  \\$aWR13.005$c20130323$lBLL01$h1229
=CAT  \\$aBATCH-CLA$c20131217$lBLL01$h0131
=CAT  \\$aIPL-CLA$c20131231$lBLL01$h1914
=CAT  \\$a5552$b40$c20160526$lBLL01$h1217
=CAT  \\$aIPL-CLA$c20160630$lBLL01$h1604
=CAT  \\$aBATCH-UPD$b00$c20160705$lBLL01$h2158
=CAT  \\$aBLDSS-3PM$b00$c20160707$lBLL01$h1648
=CAT  \\$aBATCH-UPD$b00$c20160707$lBLL01$h1651
=CAT  \\$a10806$b40$c20170210$lBLL01$h0939
=CAT  \\$a10806$b40$c20170210$lBLL01$h0941
=CAT  \\$a10806$b40$c20170210$lBLL01$h1027
=CAT  \\$a10806$b40$c20170214$lBLL01$h1357
=CAT  \\$aW1902-1304$c20190314$lBLL01$h1238
=CAT  \\$aBATCH-UPD$b00$c20190314$lBLL01$h1617
=CAT  \\$aIPL-CLA$c20190331$lBLL01$h1721
=CAT  \\$aDEL-3PM$c20190409$lBLL01$h0903
=CAT  \\$aBATCH-CLA$b00$c20190531$lBLL01$h1623
=CAT  \\$aIPL-CLA$c20190630$lBLL01$h1525
=CAT  \\$aBATCH-CLA$b00$c20210227$lBLL01$h1010
=CAT  \\$aIPL-CLA$c20210331$lBLL01$h1834
=CAT  \\$aBATCH-CLA$b00$c20221130$lBLL01$h1437
=CAT  \\$aIPL-CLA$c20221231$lBLL01$h1843
=CAT  \\$aBATCH-CLA$b00$c20230209$lBLL01$h1524
=CAT  \\$aIPL-CLA$c20230210$lBLL01$h0045
=CFI  0\$aCurrent Copyright Fee: GBP22.50$c0$e09-feb-2023$fGBP22.50$g0$hC$5Uk
=CFI  2\$aBritish Library not licensed to copy$c0$e01-jan-2023$hC$iCFP Excluded$5Uk
=FIN  \\$aY
=FMT  \\$a  SE
=LAS  \\$aIPL-CLA$b00$c20230210$lBLL01$h0045
=LEO  \\$aMP1.0002762568
=LEO  \\$aMP10.0000388995
=LEO  \\$aMP25.0000079913
=SRC  \\$aBLS01$bbibmp1.200404.2.ac
=SRC  \\$aDSS01$bbibmp10.200404.2.aa
=SRC  \\$aSRI01$bbibmp25.200404.2.aa
=TCO  \\$aJPN$bJAACC$c008

