=LDR  06117cas a2201369 a 4500
=001  008226614
=003  Uk
=005  20211231153615.0
=007  ta
=008  930216c19919999enkqx\p\\\\\\\0\\\a0eng\\
=015  \\$aGB9305336$2bnb
=019  y\$ab9305336
=019  c\$a2441811
=019  9\$ab9305336
=019  c\$a2438185
=019  0\$as575831006
=022  0\$a0960-3085
=039  0\$a2224
=040  \\$aUk$cUk$dUk
=082  04$a664.024$221
=084  \\$aHP 00$2blsrissc
=210  0\$aFood bioprod. process.
=222  \0$aFood and bioproducts processing
=245  00$aFood and bioproducts processing.
=246  03$aTransactions of the Institution of Chemical Engineers.$nPart C,$pFood and bioproducts processing
=260  \\$aRugby :$bInstitution of Chemical Engineers,$c1991-
=260  3\$a[Great Britain] :$bElsevier Science$32008-
=300  \\$av. :$bill. ;$c30 cm.
=310  \\$aFour issues yearly
=336  \\$atext$2rdacontent
=337  \\$aunmediated$2rdamedia
=338  \\$avolume$2rdacarrier
=362  0\$aVol. 69, no. C1 (Mar. 1991)-
=515  \\$aContinues vol. numbering of the Institution's "Transactions", which ceased publication with vol. 60, 1982.
=540  \\$aCurrent copyright fee: GBP34.30$c5\1$5Uk
=580  \\$aPart continuation of "Institution of Chemical Engineers. Transactions", q.v.
=595  \\$aSEE ALSO SERIAL RECORDS ICE.
=650  \0$aFood industry and trade$vPeriodicals.
=650  \0$aBiochemical engineering$vPeriodicals.
=710  2\$aInstitution of Chemical Engineers (Great Britain)
=776  08$iAlso issued online as:$tFood and bioproducts processing$x1744-3571
=787  0\$tProcess safety and environmental protection$x0957-5820
=852  41$aBritish Library$bDSC$j3977.026870$3Vol. 69, no. 1, c1 (1991)-v. 87, no. 4 (2009)***UKRR Retained Title
=852  71$aBritish Library$bSTI$k(P)$hHP 00$m-E(65)$2blsrissc$3Vol. 69 (1991)-v. 88, no. 1 (2010)
=856  \\$31850-9999$uhttp://www.elsevier.com/journals$xBLDSS
=945  \\$aFood and bioproducts processing
=959  \\$fHeld but not currently received
=963  \\$aVOL. 69, 1991- *A=1$bN$cP361.B.65
=985  \\$aResponsibility for ISSN transferred to ISSN Netherlands from ISSN UK Centre. ISSN UK, 20.07.2010
=985  \\$aRecord merged by DQ team
=A02  \\$a2438185
=ACF  \\$aPrevious Copyright Fee: GBP19.00$c5\3$e01-apr-2008$fGBP19.00$g0$hP$5Uk
=ACF  \\$aPrevious Copyright Fee: GBP19.00$c0$e01-jan-2008$fGBP19.00$g0$hC$5Uk
=ACF  \\$aPrevious Copyright Fee: GBP15.00$c0$e01-oct-2007$fGBP15.00$g0$hC$5Uk
=ACF  \\$aPrevious Copyright Fee: GBP15.00$c0$e01-jul-2007$fGBP15.00$g0$hC$5Uk
=ACF  \\$aPrevious Copyright Fee: GBP15.00$c0$e01-apr-2007$fGBP15.00$g0$hC$5Uk
=ACF  \\$aPrevious Copyright Fee: GBP15.00$c0$e01-jan-2007$fGBP15.00$g0$hC$5Uk
=ACF  \\$aPrevious Copyright Fee: GBP15.00$c0$e01-oct-2006$fGBP15.00$g0$hC$5Uk
=ACF  \\$aPrevious Copyright Fee: GBP4.98$c0$e01-jul-2006$fGBP4.98$g0$hC$5Uk
=ACF  \\$aPrevious Copyright Fee: GBP4.98$c0$e01-apr-2006$fGBP4.98$g0$hC$5Uk
=ACF  \\$aPrevious Copyright Fee: GBP4.98$c0$e01-jan-2006$fGBP4.98$g0$hC$5Uk
=ACF  \\$aPrevious Copyright Fee: GBP4.98$c0$e01-oct-2005$fGBP4.98$g0$hC$5Uk
=ACF  \\$aPrevious Copyright Fee: GBP4.98$c0$e01-jul-2005$fGBP4.98$g0$hC$5Uk
=ACF  \\$aPrevious Copyright Fee: GBP4.98$c0$e01-apr-2005$fGBP4.98$g0$hC$5Uk
=ACF  \\$aPrevious Copyright Fee: GBP4.98$c0$e01-jan-2005$fGBP4.98$g0$hC$5Uk
=ACF  \\$aPrevious Copyright Fee: GBP4.98$c0$e01-oct-2004$fGBP4.98$g0$hC$5Uk
=ACF  \\$aPrevious copyright fee: GBP4.98$c0$e01-jul-2002$fGBP4.98$g0$hC$5Uk
=ACF  \\$aCurrent copyright fee: GBP7.03$c0$e01-jul-2001$fGBP7.03$g0$hC$5Uk
=ACF  \\$aCurrent copyright fee: GBP6.68$c0$e01-jul-2000$fGBP6.68$g0$hC$5Uk
=ACF  \\$aPrevious copyright fee: GBP20.00$c5\1$e01-jan-2009$fGBP20.00$g0$hP$5Uk
=ACF  \\$aPrevious copyright fee: GBP21.00$c5\1$e01-jan-2012$fGBP21.00$g0$hP$5Uk
=ACF  \\$aPrevious copyright fee: GBP22.50$c5\1$e01-jan-2013$fGBP22.50$g0$hP$5Uk
=ACF  \\$aPrevious copyright fee: GBP23.40$c5\1$e01-jan-2018$fGBP23.40$g0$hP$5Uk
=CAT  \\$aWR09-126
=CAT  \\$a8201$b40$c20100526$lBLL01$h1557
=CAT  \\$aISSN$b40$c20100720$lBLL01$h1437
=CAT  \\$a8201$b40$c20110629$lBLL01$h1107
=CAT  \\$a8201$b40$c20110629$lBLL01$h1108
=CAT  \\$aWR11_155$c20111021$lBLL01$h1322
=CAT  \\$aWR11_155$c20111114$lBLL01$h1644
=CAT  \\$aBATCH-UPD$b00$c20111123$lBLL01$h1849
=CAT  \\$aIPL-CLA$c20111230$lBLL01$h1722
=CAT  \\$aBATCH-UPD$b00$c20120614$lBLL01$h2126
=CAT  \\$aBATCH-CLA$b00$c20121104$lBLL01$h1036
=CAT  \\$aBATCH-UPD$b00$c20121121$lBLL01$h1653
=CAT  \\$aIPL-CLA$c20121231$lBLL01$h1246
=CAT  \\$aIPL-CLA$c20130102$lBLL01$h1648
=CAT  \\$aWR13.005$c20130323$lBLL01$h1231
=CAT  \\$aWR14_140$c20140905$lBLL01$h1727
=CAT  \\$aBLDSS-3PM$b00$c20141222$lBLL01$h1709
=CAT  \\$a6550$b40$c20150212$lBLL01$h0815
=CAT  \\$a6550$b40$c20150212$lBLL01$h0831
=CAT  \\$aBATCH-UPD$b40$c20170304$lBLL01$h1032
=CAT  \\$aBATCH-UPD$b40$c20171121$lBLL01$h1738
=CAT  \\$aIPL-CLA$c20171231$lBLL01$h1402
=CAT  \\$aBATCH-UPD$b00$c20190521$lBLL01$h1430
=CAT  \\$aIPL-CLA$c20190630$lBLL01$h1525
=CAT  \\$aBATCH-UPD$b00$c20211119$lBLL01$h1548
=CAT  \\$aIPL-CLA$c20211231$lBLL01$h1536
=CFI  0\$aCurrent copyright fee: GBP34.30$c5\1$e01-jan-2022$fGBP34.30$g0$hP$5Uk
=CFI  2\$aPrevious copyright fee: GBP32.84$c5\1$e01-jul-2019$fGBP32.84$g0$hP$5Uk
=EST  \\$a2
=FFP  \\$aY$bBLDSS-3PM
=FIN  \\$aY
=FMT  \\$a  SE
=LAS  \\$aIPL-CLA$b00$c20211231$lBLL01$h1536
=LEO  \\$aMP10.0000582932
=LEO  \\$aMP5.0000804621
=LEO  \\$aMP10.0000234521
=LEO  \\$aMP22.0000033136
=LEO  \\$aMP25.0000266679
=SRC  \\$aBNB03$bbibmp5.200404.2.ab
=SRC  \\$aDSS01$bbibmp10.200404.2.aa
=SRC  \\$aISN01$bbibmp22.200404.2.aa
=SRC  \\$aSRI01$bbibmp25.200404.2.aa
=TCO  \\$aCLA$bCLA$c008
=TOC  \\$aETOC

