=LDR  05845 as a2201321 a 4500
=001  008412378
=003  Uk
=005  20200123090708.0
=007  ta
=008  920618c19909999mdubr\p\\\\\\\0\\\a0eng\\
=015  \\$aGB9219938$2bnb
=019  y\$ab9219938
=019  9\$ab9219938
=019  c\$a2409972
=019  0\$as573454000
=022  \\$a0955-8829
=039  0\$a2186
=040  \\$aUk$cUk$dUk
=042  \\$aukblsr
=082  04$a616.89042$221
=084  \\$aFL 46$2blsrissc
=210  0\$aPsychiatr. genet.
=222  \0$aPsychiatric genetics
=245  00$aPsychiatric genetics.
=260  \\$aLondon :$bClinical Neuroscience,$c1990-
=264  21$3<2011>-2018$aHagerstown, MD :$bLippincott, Williams & Wilkins
=264  31$32019-$aHagerstown, MD :$bWolters Kluwer
=300  \\$billustrations (black and white) ;$c25 cm.
=310  \\$aBimonthly,$b2006-
=321  \\$aQuarterly,$b-2005
=336  \\$atext$2rdacontent
=337  \\$aunmediated$2rdamedia
=338  \\$avolume$2rdacarrier
=362  0\$aVol. 1, no. 1 (1990)-
=500  \\$a"Wolters Kluwer Health, Inc."
=540  \\$aCurrent copyright fee: GBP32.00$c20\0$5Uk
=588  \\$aLatest issue consulted: volume 30, number 1 (February 2020).
=650  \0$aMental illness$xGenetic aspects$vPeriodicals.
=776  08$iAlso issued online as:$tPsychiatric genetics (Online)$x1473-5873
=852  41$aBritish Library$bDSC$j6946.214050$3Vol. 1 (1990)-v. 21, no. 6 (2011)***UKRR Retained Title***Stock Incomplete
=852  71$aBritish Library$bSTI$k(P)$hFL 46$m-E(1)$2blsrissc$3Vol. 1 (1990)-v. 29(2019)***Title now taken as Electronic Copy only
=856  \\$31850-9999$uhttp://journals.lww.com$xBLDSS
=945  \\$aPSYCHIATRIC GENETICS
=959  \\$fHeld but not currently received
=963  \\$aCA/U11 VOL. 1, 1990- *A=1$bN
=985  \\$aISSN responsibility transfered to US ISSN Center, 09.10.2014.
=A02  \\$a2409972
=ACF  \\$aPrevious copyright fee: GBP21.65$c20\0$e01-jul-2011$fGBP21.65$g0$hP$5Uk
=ACF  \\$aPrevious copyright fee: GBP19.35$c20\0$e01-jul-2010$fGBP19.35$g0$hP$5Uk
=ACF  \\$aPrevious copyright fee: GBP18.18$c20\0$e01-oct-2009$fGBP18.18$g0$hP$5Uk
=ACF  \\$aPrevious copyright fee: GBP21.43$c20\0$e01-apr-2009$fGBP21.43$g0$hP$5Uk
=ACF  \\$aPrevious copyright fee: GBP18.75$c20\0$e01-jan-2009$fGBP18.75$g0$hP$5Uk
=ACF  \\$aPrevious copyright fee: GBP15.00$c20\0$e01-jul-2007$fGBP15.00$g0$hP$5Uk
=ACF  \\$aPrevious copyright fee: GBP15.38$c20\0$e01-apr-2007$fGBP15.38$g0$hP$5Uk
=ACF  \\$aPrevious copyright fee: GBP16.22$c20\0$e01-oct-2006$fGBP16.22$g0$hP$5Uk
=ACF  \\$aPrevious copyright fee: GBP17.14$c20\0$e01-apr-2006$fGBP17.14$g0$hP$5Uk
=ACF  \\$aPrevious copyright fee: GBP16.67$c20\0$e01-jan-2006$fGBP16.67$g0$hP$5Uk
=ACF  \\$aPrevious copyright fee: GBP16.22$c20\0$e01-apr-2005$fGBP16.22$g0$hP$5Uk
=ACF  \\$aPrevious copyright fee: GBP16.53$c20\0$e01-jan-2005$fGBP16.53$g0$hP$5Uk
=ACF  \\$aPrevious copyright fee: GBP16.08$c20\0$e01-apr-2004$fGBP16.08$g0$hP$5Uk
=ACF  \\$aCurrent copyright fee: GBP17.50$c20\0$e01-jan-2004$fGBP17.50$g0$hP$5Uk
=ACF  \\$aCurrent copyright fee: GBP15.63$c20\0$e01-jan-2003$fGBP15.63$g0$hP$5Uk
=ACF  \\$aPrevious copyright fee: GBP30.32$c20\0$e07-may-2012$fGBP30.32$g0$hP$5Uk
=ACF  \\$aPrevious copyright fee: GBP28.48$c20\0$e01-jul-2012$fGBP28.48$g0$hP$5Uk
=ACF  \\$aPrevious copyright fee: GBP29.38$c20\0$e01-jan-2013$fGBP29.38$g0$hP$5Uk
=ACF  \\$aPrevious copyright fee: GBP30.32$c20\0$e01-jul-2013$fGBP30.32$g0$hP$5Uk
=ACF  \\$aPrevious copyright fee: GBP29.38$c20\0$e01-jan-2014$fGBP29.38$g0$hP$5Uk
=ACF  \\$aPrevious copyright fee: GBP28.48$c20\0$e01-jul-2014$fGBP28.48$g0$hP$5Uk
=ACF  \\$aPrevious copyright fee: GBP30.32$c20\0$e01-apr-2015$fGBP30.32$g0$hP$5Uk
=ACF  \\$aPrevious copyright fee: GBP31.33$c20\0$e01-jul-2015$fGBP31.33$g0$hP$5Uk
=CAT  \\$aWR09-126
=CAT  \\$aWR13.005$c20130323$lBLL01$h1311
=CAT  \\$aBATCH-UPD$b00$c20130522$lBLL01$h1717
=CAT  \\$aIPL-CLA$c20130701$lBLL01$h0004
=CAT  \\$aBATCH-UPD$b00$c20131119$lBLL01$h2006
=CAT  \\$aIPL-CLA$c20131231$lBLL01$h1916
=CAT  \\$aBATCH-UPD$b00$c20140527$lBLL01$h2034
=CAT  \\$aBATCH-CLA$c20140528$lBLL01$h1725
=CAT  \\$aIPL-CLA$c20140630$lBLL01$h1659
=CAT  \\$a5997$b40$c20140829$lBLL01$h1120
=CAT  \\$aWR14_140$c20140905$lBLL01$h1727
=CAT  \\$a10806$b40$c20141007$lBLL01$h1125
=CAT  \\$a11313$b40$c20141009$lBLL01$h1258
=CAT  \\$aBLDSS-3PM$b00$c20141116$lBLL01$h1730
=CAT  \\$aBATCH-UPD$b00$c20150219$lBLL01$h1727
=CAT  \\$aIPL-CLA$c20150331$lBLL01$h1617
=CAT  \\$aBATCH-UPD$b00$c20150520$lBLL01$h1737
=CAT  \\$aIPL-CLA$c20150630$lBLL01$h1633
=CAT  \\$a8323$b40$c20150708$lBLL01$h0925
=CAT  \\$aBATCH-UPD$b40$c20150820$lBLL01$h1823
=CAT  \\$aIPL-CLA$c20150930$lBLL01$h1744
=CAT  \\$aBATCH-UPD$b00$c20160217$lBLL01$h1711
=CAT  \\$aIPL-CLA$c20160331$lBLL01$h1702
=CAT  \\$aBATCH-UPD$b00$c20160524$lBLL01$h2154
=CAT  \\$aBATCH-UPD$b00$c20160524$lBLL01$h2229
=CAT  \\$a8124$b40$c20200123$lBLL01$h0907
=CFI  0\$aCurrent copyright fee: GBP32.00$c20\0$e01-apr-2016$fGBP32.00$g0$hP$5Uk
=CFI  2\$aPrevious copyright fee: GBP30.32$c20\0$e01-oct-2015$fGBP30.32$g0$hP$5Uk
=FFP  \\$aY$bBLDSS-3PM
=FIN  \\$aY
=FMT  \\$a  SE
=LAS  \\$a8124$b40$c20200123$lBLL01$h0907
=LEO  \\$aMP5.0000799220
=LEO  \\$aMP10.0000466392
=LEO  \\$aMP22.0000029381
=LEO  \\$aMP25.0000264305
=SRC  \\$aBNB03$bbibmp5.200404.2.ab
=SRC  \\$aDSS01$bbibmp10.200404.2.aa
=SRC  \\$aISN01$bbibmp22.200404.2.aa
=SRC  \\$aSRI01$bbibmp25.200404.2.aa
=TCO  \\$aCLA$bCLA$c008
=TOC  \\$aETOC
=UNO  \\$aY

