=LDR  05777cas a2201297 a 4500
=001  008412628
=003  Uk
=005  20221231143436.0
=007  ta
=008  920618c19919999enkbr\p\\\\\\\0\\\a0eng\\
=015  \\$aGB9223234$2bnb
=019  y\$ab9223234
=019  9\$ab9223234
=019  c\$a2425370
=019  0\$as675405009
=022  0\$a0960-2011
=039  0\$a2191
=040  \\$aUk$beng$cUk$dUk
=042  \\$aukblsr
=082  04$a362.1968$220
=084  \\$aFL 68$2blsrissc
=210  0\$aNeuropsychol. rehabil.$b(Print)
=222  \0$aNeuropsychological rehabilitation$b(Print)
=245  00$aNeuropsychological rehabilitation.
=260  \\$aHove :$bLawrence Erlbaum Associates,$c1991-
=260  2\$31998-$aHove :$bPsychology Press
=264  31$aAbingdon :$bTaylor & Francis
=300  \\$av. ;$c24 cm.
=310  \\$aBimonthly,$b2006-
=321  \\$aFive times a year,$b2000-2005
=321  \\$aFour issues yearly,$b-1999
=336  \\$atext$2rdacontent
=337  \\$aunmediated$2rdamedia
=338  \\$avolume$2rdacarrier
=362  0\$aVol. 1, issue 1 (1991)-
=540  \\$aCurrent copyright fee: GBP37.00$c2\0$5Uk
=588  \\$aLatest issue consulted: volume 24, issue 3-4 (June/August 2014).
=650  \0$aBrain damage$xPatients$xRehabilitation$vPeriodicals.
=650  \0$aClinical neuropsychology$vPeriodicals.
=690  7\$aSocial Welfare$2blcoll
=776  0\$tNeuropsychological rehabilitation (Online)$x1464-0694
=852  71$aBritish Library$bSTI$k(P)$hFL 68$m-E(6)$2blsrissc$3Vol. 1 (1991)-v. 25, issue 6 (2015)***title now taken as electronic copy only
=852  41$aBritish Library$bDSC$j6081.551000$3Vol. 1, issue 1 (1991)-v. 21, issue 3 (2011)***UKRR Retained Title
=856  \\$31850-9999$uhttp://www.tandfonline.com/$xBLDSS
=945  \\$aNEUROPSYCHOLOGICAL REHABILITATION.
=957  \\$a911212c
=959  \\$fHeld but not currently received
=963  \\$aCA/M-7 VOL. 1, 1991- *A=1$bN
=985  \\$aISSN note: responsibility for ISSN transferred from ISSN UK to US ISSN Center under multinational publisher agreement, August 22, 2014.
=ACF  \\$aPrevious copyright fee: GBP21.00$c2\0$e01-jan-2010$fGBP21.00$g0$hP$5Uk
=ACF  \\$aPrevious copyright fee: GBP20.00$c2\0$e01-jan-2009$fGBP20.00$g0$hP$5Uk
=ACF  \\$aPrevious copyright fee: GBP19.00$c2\0$e01-apr-2008$fGBP19.00$g0$hP$5Uk
=ACF  \\$aPrevious copyright fee: GBP20.00$c2\0$e01-jan-2007$fGBP20.00$g0$hP$5Uk
=ACF  \\$aPrevious copyright fee: GBP18.00$c2\0$e01-jan-2005$fGBP18.00$g0$hP$5Uk
=ACF  \\$aPrevious copyright fee: GBP15.00$c2\0$e01-jan-2004$fGBP15.00$g0$hP$5Uk
=ACF  \\$aCurrent copyright fee: GBP13.00$c2\0$e01-apr-2002$fGBP13.00$g0$hP$5Uk
=ACF  \\$aCurrent copyright fee: GBP12.00$c2\0$e01-jan-2000$fGBP12.00$g0$hP$5Uk
=ACF  \\$aPrevious copyright fee: GBP25.00$c2\0$e01-jan-2011$fGBP25.00$g0$hP$5Uk
=ACF  \\$aPrevious copyright fee: GBP27.50$c2\0$e01-jan-2013$fGBP27.50$g0$hP$5Uk
=ACF  \\$aPrevious copyright fee: GBP27.00$c2\0$e01-jan-2012$fGBP27.00$g0$hP$5Uk
=ACF  \\$aPrevious copyright fee: GBP23.50$c2\0$e05-nov-2013$fGBP23.50$g0$hP$5Uk
=ACF  \\$aPrevious copyright fee: GBP24.00$c2\0$e01-jan-2014$fGBP24.00$g0$hP$5Uk
=ACF  \\$aPrevious copyright fee: GBP25.00$c2\0$e01-jan-2015$fGBP25.00$g0$hP$5Uk
=ACF  \\$aPrevious copyright fee: GBP26.00$c2\0$e01-jan-2016$fGBP26.00$g0$hP$5Uk
=ACF  \\$aPrevious copyright fee: GBP28.00$c2\0$e01-jan-2017$fGBP28.00$g0$hP$5Uk
=ACF  \\$aPrevious copyright fee: GBP30.00$c2\0$e01-jan-2018$fGBP30.00$g0$hP$5Uk
=ACF  \\$aPrevious copyright fee: GBP32.00$c2\0$e01-jan-2019$fGBP32.00$g0$hP$5Uk
=ACF  \\$aPrevious copyright fee: GBP34.00$c2\0$e01-jan-2020$fGBP34.00$g0$hP$5Uk
=CAT  \\$aWR09-126
=CAT  \\$aIPL-CLA$c20131231$lBLL01$h1916
=CAT  \\$aBATCH-CLA$b00$c20140125$lBLL01$h1319
=CAT  \\$aBATCH-CLA$c20140225$lBLL01$h2314
=CAT  \\$a11205$b40$c20140821$lBLL01$h1151
=CAT  \\$a11315$b40$c20140821$lBLL01$h1351
=CAT  \\$a11315$b40$c20140822$lBLL01$h0903
=CAT  \\$aBATCH-UPD$b40$c20141124$lBLL01$h1800
=CAT  \\$aBLDSS-3PM$b00$c20141130$lBLL01$h1245
=CAT  \\$aIPL-CLA$c20141231$lBLL01$h1642
=CAT  \\$aBATCH-UPD$b00$c20151119$lBLL01$h1540
=CAT  \\$aIPL-CLA$c20151231$lBLL01$h1907
=CAT  \\$a11315$b40$c20160510$lBLL01$h0853
=CAT  \\$aBATCH-UPD$b40$c20161122$lBLL01$h1510
=CAT  \\$aBATCH-UPD$b40$c20161122$lBLL01$h1557
=CAT  \\$aIPL-CLA$c20161230$lBLL01$h1828
=CAT  \\$aBATCH-UPD$b00$c20171121$lBLL01$h1644
=CAT  \\$aIPL-CLA$c20171231$lBLL01$h1404
=CAT  \\$aBATCH-UPD$b00$c20181217$lBLL01$h1636
=CAT  \\$aIPL-CLA$c20181231$lBLL01$h1533
=CAT  \\$aBATCH-UPD$b00$c20191122$lBLL01$h1858
=CAT  \\$aIPL-CLA$c20191231$lBLL01$h1731
=CAT  \\$aBATCH-UPD$b00$c20201118$lBLL01$h1332
=CAT  \\$aIPL-CLA$c20201231$lBLL01$h1520
=CAT  \\$aBATCH-UPD$b00$c20221121$lBLL01$h1344
=CAT  \\$aIPL-CLA$c20221231$lBLL01$h1434
=CFI  0\$aCurrent copyright fee: GBP37.00$c2\0$e01-jan-2023$fGBP37.00$g0$hP$5Uk
=CFI  2\$aPrevious copyright fee: GBP35.00$c2\0$e01-jan-2021$fGBP35.00$g0$hP$5Uk
=FFP  \\$aY$bBLDSS-3PM
=FIN  \\$aY
=FMT  \\$a  SE
=LAS  \\$aIPL-CLA$b00$c20221231$lBLL01$h1434
=LEO  \\$aMP5.0000799793
=LEO  \\$aMP10.0000396421
=LEO  \\$aMP22.0000033057
=LEO  \\$aMP25.0000354843
=LKR  \\$aPAR$b013357585$lBLL01$nNeuropsychological rehabilitation (Online)$mNeuropsychological rehabilitation (Print)$r776
=SRC  \\$aBNB03$bbibmp5.200404.2.ab
=SRC  \\$aDSS01$bbibmp10.200404.2.aa
=SRC  \\$aISN01$bbibmp22.200404.2.aa
=SRC  \\$aSRI01$bbibmp25.200404.2.aa
=TCO  \\$aCLA$bCLA$c008
=TOC  \\$aETOC

