=LDR  04444cas a2201129 a 4500
=001  008413674
=003  Uk
=005  20211231153616.0
=006  aa\\\|||||||||||||
=007  ta
=008  920916c19929999ne\qr\p\\\\\\\0\\\a0eng\\
=015  \\$aGB9237336$2bnb
=019  y\$ab9237336
=019  9\$ab9237336
=019  c\$a2365119
=019  0\$as584819005
=022  0\$a0960-7404
=039  0\$a2204
=040  \\$aUk$cUk$dUk
=082  04$a616.994059$221
=084  \\$aH 02$2blsrissc
=210  0\$aSurg. oncol.
=222  \0$aSurgical oncology
=245  00$aSurgical oncology.
=260  \\$aOxford :$bBlackwell Scientific,$c1992-
=260  3\$aAmsterdam :$bElsevier
=300  \\$av. ;$c28 cm.
=310  \\$aBi-monthly
=336  \\$atext$2rdacontent
=337  \\$aunmediated$2rdamedia
=338  \\$avolume$2rdacarrier
=362  0\$aVol. 1, no. 1 (Feb. 1992)-
=540  \\$aCurrent copyright fee: GBP34.30$c5\1$5Uk
=650  \0$aCancer$xSurgery$vPeriodicals.
=650  \0$aOncology$vPeriodicals.
=770  0\$tSurgical oncology. Supplement$x1350-7281
=776  08$iAlso issued online as:$tSurgical oncology$x1879-3320
=852  41$aBritish Library$bDSC$j8548.242000$3Vol. 1, issue 1 (1992)-v. 18, issue 4 (2009)***UKRR Retained Title
=852  41$aBritish Library$bHMNTS$jDZK.9.x.136$3Vol. 10, no. 1/2 (July 2001)-v. 23 , issue 4 (Dec.2014)***Title now taken as electronic copy
=852  71$aBritish Library$bSTI$k(P)$hH 02$m-E(5)$2blsrissc$3Vol.1 (1992)-v. 9, no. 4 (Dec. 2000).
=856  \\$31850-9999$uhttp://www.elsevier.com/journals$xBLDSS
=945  \\$aSURGICAL ONCOLOGY.
=959  \\$fHeld but not currently received
=963  \\$aVOL. 1, 1992- *A=1$bN$c0960-7404
=985  \\$aResponsibility for ISSN transferred from ISSN UK to ISSN Netherlands, 16.03.07
=A02  \\$a2365119
=ACF  \\$aPrevious copyright fee: GBP19.00$c5\5$e01-jan-2008$fGBP19.00$g0$hP$5Uk
=ACF  \\$aPrevious copyright fee: GBP18.00$c5\5$e01-apr-2004$fGBP18.00$g0$hP$5Uk
=ACF  \\$aCurrent copyright fee: GBP20.00$c5\5$e01-jan-2003$fGBP20.00$g0$hP$5Uk
=ACF  \\$aCurrent copyright fee: GBP15.00$c5\5$e01-jul-2002$fGBP15.00$g0$hP$5Uk
=ACF  \\$aPrevious copyright fee: GBP20.00$c5\1$e01-jan-2009$fGBP20.00$g0$hP$5Uk
=ACF  \\$aPrevious copyright fee: GBP21.00$c5\1$e01-jan-2012$fGBP21.00$g0$hP$5Uk
=ACF  \\$aPrevious copyright fee: GBP22.50$c5\1$e01-jan-2013$fGBP22.50$g0$hP$5Uk
=ACF  \\$aPrevious copyright fee: GBP23.40$c5\1$e01-jan-2018$fGBP23.40$g0$hP$5Uk
=CAT  \\$aWR09-126
=CAT  \\$aCDS-UPD$b40$c20091208$lBLL01$h2233
=CAT  \\$aBATCH$b00$c20091209$lBLL01$h0123
=CAT  \\$aBATCH$b00$c20091214$lBLL01$h0323
=CAT  \\$aBATCH$b00$c20091216$lBLL01$h0104
=CAT  \\$a8874$b40$c20101019$lBLL01$h1021
=CAT  \\$aWR11_155$c20111021$lBLL01$h1324
=CAT  \\$aWR11_155$c20111114$lBLL01$h1645
=CAT  \\$aBATCH-UPD$b00$c20111123$lBLL01$h1849
=CAT  \\$aIPL-CLA$c20111230$lBLL01$h1722
=CAT  \\$aBATCH-CLA$b00$c20121104$lBLL01$h1036
=CAT  \\$aBATCH-UPD$b00$c20121121$lBLL01$h1653
=CAT  \\$aWR12_168$c20121206$lBLL01$h1809
=CAT  \\$aIPL-CLA$c20121231$lBLL01$h1246
=CAT  \\$aIPL-CLA$c20130102$lBLL01$h1649
=CAT  \\$aWR13.005$c20130323$lBLL01$h1311
=CAT  \\$aWR14_140$c20140905$lBLL01$h1727
=CAT  \\$aBLDSS-3PM$b00$c20141222$lBLL01$h1709
=CAT  \\$a10973$b40$c20150417$lBLL01$h1146
=CAT  \\$aBATCH-UPD$b40$c20170302$lBLL01$h1725
=CAT  \\$aBATCH-UPD$b40$c20171121$lBLL01$h1738
=CAT  \\$aIPL-CLA$c20171231$lBLL01$h1404
=CAT  \\$aBATCH-UPD$b00$c20190521$lBLL01$h1431
=CAT  \\$aIPL-CLA$c20190630$lBLL01$h1526
=CAT  \\$aBATCH-UPD$b00$c20211119$lBLL01$h1549
=CAT  \\$aIPL-CLA$c20211231$lBLL01$h1536
=CFI  0\$aCurrent copyright fee: GBP34.30$c5\1$e01-jan-2022$fGBP34.30$g0$hP$5Uk
=CFI  2\$aPrevious copyright fee: GBP32.84$c5\1$e01-jul-2019$fGBP32.84$g0$hP$5Uk
=EST  \\$a2
=FFP  \\$aY$bBLDSS-3PM
=FIN  \\$aY
=FMT  \\$a  SE
=LAS  \\$aIPL-CLA$b00$c20211231$lBLL01$h1536
=LEO  \\$aMP5.0000801748
=LEO  \\$aMP10.0000560981
=LEO  \\$aMP22.0000033479
=LEO  \\$aMP25.0000275878
=SRC  \\$aBNB03$bbibmp5.200404.2.ab
=SRC  \\$aDSS01$bbibmp10.200404.2.aa
=SRC  \\$aISN01$bbibmp22.200404.2.aa
=SRC  \\$aSRI01$bbibmp25.200404.2.aa
=TCO  \\$aNLD$bSTICHTING REPRORECHT$c008
=TOC  \\$aETOC

