=LDR  06092aas a2201357 a 4500
=001  008413782
=003  Uk
=005  20190501084532.0
=006  aa\\\|||||||||||||
=007  ta
=008  921014c19919999mdubr\p\\\\\\\0\\\a0eng\\
=015  \\$aGB9239308$2bnb
=019  y\$ab9239308
=019  9\$ab9239308
=019  c\$a2445880
=019  0\$as58568300x
=022  0\$a0963-0643
=039  0\$a2207
=040  \\$aUk$cUk$dUk
=042  \\$aukblsr
=082  04$a616.6$222
=084  \\$aGV 70$2blsrissc
=210  0\$aCurr. opin. urol.
=222  \0$aCurrent opinion in urology
=245  00$aCurrent opinion in urology.
=260  \\$aLondon :$bCurrent Science,$c1991-
=260  2\$aHagerstown ;$aLondon :$bLippincott Williams & Wilkins
=264  31$aHagerstown, MD ;$aLondon :$bWolters Kluwer Health Inc.
=300  \\$av. ;$c28 cm.
=310  \\$aBi-monthly
=336  \\$atext$2rdacontent
=337  \\$aunmediated$2rdamedia
=338  \\$avolume$2rdacarrier
=362  0\$aVol. 1, no. 1 (Feb. 1991)-
=500  \\$aOn cover: Wolters Kluwer Health.
=540  \\$aCurrent copyright fee: GBP32.00$c20\0$5Uk
=588  \\$aLatest issue consulted: volume 29, number 3 (May 2019).
=650  \0$aUrology$vPeriodicals.
=653  1\$aHumans$aUrogenital system
=767  0\$tCurrent opinion in urology$c(Wyd. polskie)$x1734-0136
=776  0\$tCurrent opinion in urology (Online)$x1473-6586
=776  0\$tCurrent opinion in urology, with evaluated MEDLINE$x1080-8094
=852  41$aBritish Library$bDSC$j3500.779500$3Vol. 1, no. 1 (1991)-v. 21, no. 6 (2011)***UKRR Retained Title
=852  71$aBritish Library$bSTI$k(P)$hGV 70$m-E(25)$2blsrissc$3Volume 2, Number 2(1992)-Volume 10, Number 1(2000); Volume 17, Number 1(2007:Jan.)-v. 25, no. 3 (May 2015)***Title now taken as electronic copy
=856  \\$31850-9999$uhttp://journals.lww.com$xBLDSS
=945  \\$aCurrent opinion in urology.
=959  \\$fHeld but not currently received
=963  \\$aCA/M-7 VOL. 1, 1991- 8, 1998 *A=1; 10(2), 2000- *A=1$bN
=985  \\$aRecord merged by DQ team
=985  \\$aISSN responsibility change in progress 15/5/2015
=ACF  \\$aPrevious copyright fee: GBP21.65$c20\0$e01-jul-2011$fGBP21.65$g0$hP$5Uk
=ACF  \\$aPrevious copyright fee: GBP19.35$c20\0$e01-jul-2010$fGBP19.35$g0$hP$5Uk
=ACF  \\$aPrevious copyright fee: GBP18.18$c20\0$e01-oct-2009$fGBP18.18$g0$hP$5Uk
=ACF  \\$aPrevious copyright fee: GBP21.43$c20\0$e01-apr-2009$fGBP21.43$g0$hP$5Uk
=ACF  \\$aPrevious copyright fee: GBP18.75$c20\0$e01-jan-2009$fGBP18.75$g0$hP$5Uk
=ACF  \\$aPrevious copyright fee: GBP15.00$c20\0$e01-jul-2007$fGBP15.00$g0$hP$5Uk
=ACF  \\$aPrevious copyright fee: GBP15.38$c20\0$e01-apr-2007$fGBP15.38$g0$hP$5Uk
=ACF  \\$aPrevious copyright fee: GBP16.22$c20\0$e01-oct-2006$fGBP16.22$g0$hP$5Uk
=ACF  \\$aPrevious copyright fee: GBP17.14$c20\0$e01-apr-2006$fGBP17.14$g0$hP$5Uk
=ACF  \\$aPrevious copyright fee: GBP16.67$c20\0$e01-jan-2006$fGBP16.67$g0$hP$5Uk
=ACF  \\$aPrevious copyright fee: GBP16.22$c20\0$e01-apr-2005$fGBP16.22$g0$hP$5Uk
=ACF  \\$aPrevious copyright fee: GBP16.53$c20\0$e01-jan-2005$fGBP16.53$g0$hP$5Uk
=ACF  \\$aPrevious copyright fee: GBP16.08$c20\0$e01-apr-2004$fGBP16.08$g0$hP$5Uk
=ACF  \\$aCurrent copyright fee: GBP17.50$c20\0$e01-jan-2004$fGBP17.50$g0$hP$5Uk
=ACF  \\$aCurrent copyright fee: GBP15.63$c20\0$e01-jan-2003$fGBP15.63$g0$hP$5Uk
=ACF  \\$aPrevious copyright fee: GBP30.32$c20\0$e07-may-2012$fGBP30.32$g0$hP$5Uk
=ACF  \\$aPrevious copyright fee: GBP28.48$c20\0$e01-jul-2012$fGBP28.48$g0$hP$5Uk
=ACF  \\$aPrevious copyright fee: GBP29.38$c20\0$e01-jan-2013$fGBP29.38$g0$hP$5Uk
=ACF  \\$aPrevious copyright fee: GBP30.32$c20\0$e01-jul-2013$fGBP30.32$g0$hP$5Uk
=ACF  \\$aPrevious copyright fee: GBP29.38$c20\0$e01-jan-2014$fGBP29.38$g0$hP$5Uk
=ACF  \\$aPrevious copyright fee: GBP28.48$c20\0$e01-jul-2014$fGBP28.48$g0$hP$5Uk
=ACF  \\$aPrevious copyright fee: GBP30.32$c20\0$e01-apr-2015$fGBP30.32$g0$hP$5Uk
=ACF  \\$aPrevious copyright fee: GBP31.33$c20\0$e01-jul-2015$fGBP31.33$g0$hP$5Uk
=CAT  \\$aCONV$b00$c20040425$lBLL90$h0554
=CAT  \\$aIPL-CLA$c20121231$lBLL01$h1246
=CAT  \\$aIPL-CLA$c20130102$lBLL01$h1649
=CAT  \\$aWR13.005$c20130323$lBLL01$h1311
=CAT  \\$aBATCH-UPD$b00$c20130522$lBLL01$h1717
=CAT  \\$aIPL-CLA$c20130701$lBLL01$h0004
=CAT  \\$aBATCH-UPD$b00$c20131119$lBLL01$h2006
=CAT  \\$aIPL-CLA$c20131231$lBLL01$h1916
=CAT  \\$aBATCH-UPD$b00$c20140527$lBLL01$h2034
=CAT  \\$aBATCH-CLA$c20140528$lBLL01$h1725
=CAT  \\$aIPL-CLA$c20140630$lBLL01$h1659
=CAT  \\$aWR14_140$c20140905$lBLL01$h1727
=CAT  \\$aBLDSS-3PM$b00$c20141116$lBLL01$h1730
=CAT  \\$aBATCH-UPD$b00$c20150219$lBLL01$h1727
=CAT  \\$aIPL-CLA$c20150331$lBLL01$h1618
=CAT  \\$a11316$b40$c20150515$lBLL01$h1358
=CAT  \\$a11316$b40$c20150519$lBLL01$h1456
=CAT  \\$aBATCH-UPD$b40$c20150520$lBLL01$h1737
=CAT  \\$aIPL-CLA$c20150630$lBLL01$h1633
=CAT  \\$aBATCH-UPD$b00$c20150820$lBLL01$h1823
=CAT  \\$aIPL-CLA$c20150930$lBLL01$h1745
=CAT  \\$aBATCH-UPD$b00$c20160217$lBLL01$h1711
=CAT  \\$aIPL-CLA$c20160331$lBLL01$h1702
=CAT  \\$aBATCH-UPD$b00$c20160524$lBLL01$h2154
=CAT  \\$aBATCH-UPD$b00$c20160524$lBLL01$h2229
=CAT  \\$a11315$b40$c20190501$lBLL01$h0845
=CFI  0\$aCurrent copyright fee: GBP32.00$c20\0$e01-apr-2016$fGBP32.00$g0$hP$5Uk
=CFI  2\$aPrevious copyright fee: GBP30.32$c20\0$e01-oct-2015$fGBP30.32$g0$hP$5Uk
=FFP  \\$aY$bBLDSS-3PM
=FIN  \\$aY
=FMT  \\$a  SE
=LAS  \\$a11315$b40$c20190501$lBLL01$h0845
=LEO  \\$aMP25.0000276745
=LEO  \\$aMP5.0000802050
=LEO  \\$aMP10.0000176814
=LEO  \\$aMP22.0000035369
=SRC  \\$aSRI01$bbibmp25.200404.2.aa
=SRC  \\$aBNB03$bbibmp5.200404.2.ab
=SRC  \\$aDSS01$bbibmp10.200404.2.aa
=SRC  \\$aISN01$bbibmp22.200404.2.aa
=TCO  \\$aCLA$bCLA$c008
=TOC  \\$aETOC
=UNO  \\$aY

