=LDR  06183 as a22013577a 4500
=001  008414712
=003  Uk
=005  20150602101135.0
=006  aa\\\|||||||||||||
=007  ta
=008  930216c19919999xxubr\p\\\\\\\0\\\a0eng\\
=015  \\$aGB9304305$2bnb
=019  y\$ab9304305
=019  9\$ab9304305
=019  c\$a2447406
=019  0\$as577187007
=022  0\$a0959-8278
=039  0\$a2223
=040  \\$aUk$cUk$dUk
=082  04$a616.994$221
=084  \\$aGT 69$2blsrissc
=210  0\$aEur. j. cancer prev.
=222  \0$aEuropean journal of cancer prevention
=245  00$aEuropean journal of cancer prevention.
=260  \\$aOxford :$bRapid Communications of Oxford,$cc1991-
=264  31$a[Hagerstown, MD] :$bLippincott Williams & Wilkins
=300  \\$av. :$bill. ;$c28 cm.
=310  \\$aBi-monthly
=336  \\$atext$2rdacontent
=337  \\$aunmediated$2rdamedia
=338  \\$avolume$2rdacarrier
=362  0\$aVol. 1, no. 1 (Oct. 1991)-
=500  \\$aOfficial journal of the European Cancer Prevention Organisation.
=525  \\$aVols. accompanied by suppls. with distinctive titles.
=540  \\$aCurrent copyright fee: GBP32.00$c20\0$5Uk
=588  \\$aLatest issue consulted: volume 23, number 4 (July 2014).
=650  \0$aCancer$xPrevention$vPeriodicals.
=653  1\$aHumans$aCancer$aPrevention
=710  2\$aEuropean Cancer Prevention Organisation.
=770  0\$tEuropean journal of cancer prevention. Supplement$x1359-4753
=776  08$iAlso issued onilne as:$tEuropean journal of cancer prevention$x1473-5709
=852  41$aBritish Library$bDSC$j3829.725400$3Vol. 1, no. 1 (1991)-v. 20, no. 6 (2011)
=852  71$aBritish Library$bSTI$k(P)$hGT 69$m-E(4)$2blsrissc$3Vol. 1 (1991)-v. 24, no. 3 (May 2015)***Title now taken as electronic copy only
=856  \\$31850-9999$uhttp://journals.lww.com$xBLDSS
=945  \\$aEUROPEAN JOURNAL OF CANCER PREVENTION.
=959  \\$fHeld but not currently received
=963  \\$aVOL. 1, 1991- *A=1$bN$cP312:2.B.141
=985  \\$aISSN responsibility transfered to US ISSN Center, 09.10.2014.
=A02  \\$a2447406
=ACF  \\$aPrevious copyright fee: GBP21.65$c20\0$e01-jul-2011$fGBP21.65$g0$hP$5Uk
=ACF  \\$aPrevious copyright fee: GBP19.35$c20\0$e01-jul-2010$fGBP19.35$g0$hP$5Uk
=ACF  \\$aPrevious copyright fee: GBP18.18$c20\0$e01-oct-2009$fGBP18.18$g0$hP$5Uk
=ACF  \\$aPrevious copyright fee: GBP21.43$c20\0$e01-apr-2009$fGBP21.43$g0$hP$5Uk
=ACF  \\$aPrevious copyright fee: GBP18.75$c20\0$e01-jan-2009$fGBP18.75$g0$hP$5Uk
=ACF  \\$aPrevious copyright fee: GBP15.00$c20\0$e01-jul-2007$fGBP15.00$g0$hP$5Uk
=ACF  \\$aPrevious copyright fee: GBP15.38$c20\0$e01-apr-2007$fGBP15.38$g0$hP$5Uk
=ACF  \\$aPrevious copyright fee: GBP16.22$c20\0$e01-oct-2006$fGBP16.22$g0$hP$5Uk
=ACF  \\$aPrevious copyright fee: GBP17.14$c20\0$e01-apr-2006$fGBP17.14$g0$hP$5Uk
=ACF  \\$aPrevious copyright fee: GBP16.67$c20\0$e01-jan-2006$fGBP16.67$g0$hP$5Uk
=ACF  \\$aPrevious copyright fee: GBP16.22$c20\0$e01-apr-2005$fGBP16.22$g0$hP$5Uk
=ACF  \\$aPrevious copyright fee: GBP16.53$c20\0$e01-jan-2005$fGBP16.53$g0$hP$5Uk
=ACF  \\$aPrevious copyright fee: GBP16.08$c20\0$e01-apr-2004$fGBP16.08$g0$hP$5Uk
=ACF  \\$aCurrent copyright fee: GBP17.50$c20\0$e01-jan-2004$fGBP17.50$g0$hP$5Uk
=ACF  \\$aCurrent copyright fee: GBP15.63$c20\0$e01-jan-2003$fGBP15.63$g0$hP$5Uk
=ACF  \\$aPrevious copyright fee: GBP30.32$c20\0$e07-may-2012$fGBP30.32$g0$hP$5Uk
=ACF  \\$aPrevious copyright fee: GBP28.48$c20\0$e01-jul-2012$fGBP28.48$g0$hP$5Uk
=ACF  \\$aPrevious copyright fee: GBP29.38$c20\0$e01-jan-2013$fGBP29.38$g0$hP$5Uk
=ACF  \\$aPrevious copyright fee: GBP30.32$c20\0$e01-jul-2013$fGBP30.32$g0$hP$5Uk
=ACF  \\$aPrevious copyright fee: GBP29.38$c20\0$e01-jan-2014$fGBP29.38$g0$hP$5Uk
=ACF  \\$aPrevious copyright fee: GBP28.48$c20\0$e01-jul-2014$fGBP28.48$g0$hP$5Uk
=ACF  \\$aPrevious copyright fee: GBP30.32$c20\0$e01-apr-2015$fGBP30.32$g0$hP$5Uk
=ACF  \\$aPrevious copyright fee: GBP31.33$c20\0$e01-jul-2015$fGBP31.33$g0$hP$5Uk
=CAT  \\$aWR09-126
=CAT  \\$aIPL-CLA$c20130102$lBLL01$h1649
=CAT  \\$aWR13.005$c20130323$lBLL01$h1311
=CAT  \\$aBATCH-UPD$b00$c20130522$lBLL01$h1717
=CAT  \\$aIPL-CLA$c20130701$lBLL01$h0004
=CAT  \\$aBATCH-UPD$b00$c20131119$lBLL01$h2006
=CAT  \\$aIPL-CLA$c20131231$lBLL01$h1916
=CAT  \\$aBATCH-UPD$b00$c20140527$lBLL01$h2034
=CAT  \\$aBATCH-CLA$c20140528$lBLL01$h1725
=CAT  \\$aIPL-CLA$c20140630$lBLL01$h1659
=CAT  \\$a5997$b40$c20140731$lBLL01$h0837
=CAT  \\$aWR14_140$c20140905$lBLL01$h1727
=CAT  \\$a10806$b40$c20141007$lBLL01$h0935
=CAT  \\$a11313$b40$c20141009$lBLL01$h1245
=CAT  \\$aBLDSS-3PM$b00$c20141116$lBLL01$h1730
=CAT  \\$aBATCH-UPD$b00$c20150219$lBLL01$h1727
=CAT  \\$aIPL-CLA$c20150331$lBLL01$h1618
=CAT  \\$aBATCH-UPD$b00$c20150520$lBLL01$h1737
=CAT  \\$a8483$b40$c20150602$lBLL01$h1011
=CAT  \\$aIPL-CLA$c20150630$lBLL01$h1633
=CAT  \\$aBATCH-UPD$b00$c20150820$lBLL01$h1823
=CAT  \\$aIPL-CLA$c20150930$lBLL01$h1745
=CAT  \\$aBATCH-UPD$b00$c20160217$lBLL01$h1711
=CAT  \\$aIPL-CLA$c20160331$lBLL01$h1702
=CAT  \\$aBATCH-UPD$b00$c20160524$lBLL01$h2154
=CAT  \\$aBATCH-UPD$b00$c20160524$lBLL01$h2229
=CFI  0\$aCurrent copyright fee: GBP32.00$c20\0$e01-apr-2016$fGBP32.00$g0$hP$5Uk
=CFI  2\$aPrevious copyright fee: GBP30.32$c20\0$e01-oct-2015$fGBP30.32$g0$hP$5Uk
=FFP  \\$aY$bBLDSS-3PM
=FIN  \\$aY
=FMT  \\$a  SE
=LAS  \\$aBATCH-UPD$b00$c20160524$lBLL01$h2229
=LEO  \\$aMP5.0000804483
=LEO  \\$aMP10.0000219122
=LEO  \\$aMP22.0000032763
=LEO  \\$aMP25.0000268048
=LKR  \\$aPAR$b011459778$lBLL01$r776$mEuropean journal of cancer prevention$nEuropean journal of cancer prevention (Online)
=SRC  \\$aBNB03$bbibmp5.200404.2.ab
=SRC  \\$aDSS01$bbibmp10.200404.2.aa
=SRC  \\$aISN01$bbibmp22.200404.2.aa
=SRC  \\$aSRI01$bbibmp25.200404.2.aa
=TCO  \\$aCLA$bCLA$c008
=TOC  \\$aETOC
=UNO  \\$aY

