=LDR  06577cas a2201429 a 4500
=001  008414790
=003  Uk
=005  20221231143438.0
=006  aa\\\|||||||||||||
=007  ta
=008  930216c19919999gw\br\p\\\\\\\0\\\a0eng\\
=015  \\$aGB9305964$2bnb
=019  0\$as577214004
=019  y\$ab9305964
=019  9\$ab9305964
=019  c\$a2428054
=022  0\$a0959-9851
=039  0\$a2224
=040  \\$aUk$cUk$dUk$dUk
=082  04$a616.8805$220
=210  0\$aClin. auton. res.
=222  \0$aClinical autonomic research
=245  00$aClinical autonomic research :$bofficial journal of the Clinical Autonomic Research Society.
=246  13$aCAR
=260  \\$aOxford :$bRapid Communications of Oxford,$c1991-
=260  3\$aHeidelberg :$bSpringer Medizin
=300  \\$av. ;$c29 cm.
=310  \\$aBimonthly,$b<1993- >
=321  \\$aQuarterly,$b1991-
=336  \\$atext$2rdacontent
=337  \\$aunmediated$2rdamedia
=338  \\$avolume$2rdacarrier
=362  0\$aVol. 1, no. 1 (Mar. 1991)-
=540  \\$aCurrent copyright fee: GBP34.95$c22\1$5Uk
=550  \\$aVols. for <2002- > are the official journal of the American Autonomic Society, Clinical Autonomic Research Society, and European Federation of Autonomic Societies.
=650  \0$aAutonomic nervous system$vPeriodicals.
=650  \0$aAutonomic nervous system$xDiseases$vPeriodicals.
=653  1\$aHumans$aCentral nervous system$aDiseases
=710  2\$aClinical Autonomic Research Society.
=710  2\$aAmerican Autonomic Society.
=710  2\$aEuropean Federation of Autonomic Societies.
=776  0\$tClinical autonomic research$c(Internet)$x1619-1560
=852  41$aBritish Library$bDSC$j3286.259900$3Vol. 1, no. 1 (1991)-v. 20, no. 6 (2010)***UKRR Retained Title
=852  71$aBritish Library$bSTI$k(P)$hFC 87$m-E(3)$2blsrissc$3Vol.1, 1991- 11(6), 2001***UKRR Retained Title
=856  \\$31850-9999$uhttp://www.springer.com/gb/$xBLDSS
=945  \\$aClinical autonomic research.
=959  \\$fHeld but not currently received
=963  \\$aCA/M-7 VOL. 1, 1991- 8(5), 1998 *A=1$bN
=985  \\$aRecord merged by DQ team.
=985  \\$aResponsibility for ISSN transferred to ISSN Germany from ISSN UK, 02.10.08
=A02  \\$a2428054
=ACF  \\$aPrevious copyright fee: GBP21.25$c23\7$e01-jan-2009$fGBP21.25$g0$hP$5Uk
=ACF  \\$aPrevious copyright fee: GBP16.75$c23\7$e01-jan-2007$fGBP16.75$g0$hP$5Uk
=ACF  \\$aPrevious copyright fee: GBP16.22$c23\7$e01-oct-2006$fGBP16.22$g0$hP$5Uk
=ACF  \\$aPrevious copyright fee: GBP17.14$c23\7$e01-apr-2006$fGBP17.14$g0$hP$5Uk
=ACF  \\$aPrevious copyright fee: GBP16.67$c23\7$e01-jan-2006$fGBP16.67$g0$hP$5Uk
=ACF  \\$aPrevious copyright fee: GBP16.22$c23\7$e01-apr-2005$fGBP16.22$g0$hP$5Uk
=ACF  \\$aPrevious copyright fee: GBP16.67$c23\7$e01-jan-2005$fGBP16.67$g0$hP$5Uk
=ACF  \\$aPrevious copyright fee: GBP18.92$c23\7$e29-nov-2004$fGBP18.92$g0$hP$5Uk
=ACF  \\$aCurrent Copyright Fee: GBP13.51$c0$e01-oct-2004$fGBP13.51$g0$hC$5Uk
=ACF  \\$aPrevious copyright fee: GBP13.51$c0$e01-apr-2004$fGBP13.51$g0$hC$5Uk
=ACF  \\$aCurrent copyright fee: GBP14.71$c0$e01-jan-2004$fGBP14.71$g0$hC$5Uk
=ACF  \\$aCurrent copyright fee: GBP15.63$c0$e01-apr-2003$fGBP15.63$g0$hC$5Uk
=ACF  \\$aPrevious copyright fee: GBP22.00$c23\7$e01-apr-2009$fGBP22.00$g0$hP$5Uk
=ACF  \\$aPrevious copyright fee: GBP22.00$c23\7$e12-aug-2012$fGBP22.00$g0$hP$5Uk
=ACF  \\$aPrevious copyright fee: GBP25.00$c23\7$e01-jan-2013$fGBP25.00$g0$hP$5Uk
=ACF  \\$aPrevious copyright fee: GBP25.77$c23\7$e01-jul-2013$fGBP25.77$g0$hP$5Uk
=ACF  \\$aPrevious copyright fee: GBP24.97$c23\7$e01-jan-2014$fGBP24.97$g0$hP$5Uk
=ACF  \\$aPrevious copyright fee: GBP24.21$c23\7$e01-jul-2014$fGBP24.21$g0$hP$5Uk
=ACF  \\$aPrevious copyright fee: GBP25.77$c23\7$e01-apr-2015$fGBP25.77$g0$hP$5Uk
=ACF  \\$aPrevious copyright fee: GBP26.63$c23\7$e01-jul-2015$fGBP26.63$g0$hP$5Uk
=ACF  \\$aPrevious copyright fee: GBP25.77$c23\7$e01-oct-2015$fGBP25.77$g0$hP$5Uk
=ACF  \\$aPrevious copyright fee: GBP27.55$c23\7$e01-apr-2016$fGBP27.55$g0$hP$5Uk
=ACF  \\$aPrevious copyright fee: GBP29.59$c23\7$e01-oct-2016$fGBP29.59$g0$hP$5Uk
=ACF  \\$aPrevious copyright fee: GBP31.96$c23\7$e01-apr-2017$fGBP31.96$g0$hP$5Uk
=ACF  \\$aPrevious copyright fee: GBP30.73$c23\7$e01-oct-2017$fGBP30.73$g0$hP$5Uk
=ACF  \\$aPrevious copyright fee: GBP28.54$c23\7$e01-apr-2018$fGBP28.54$g0$hP$5Uk
=ACF  \\$aPrevious copyright fee: GBP34.00$c22\1$e01-jul-2018$fGBP34.00$g0$hP$5Uk
=CAT  \\$aCONV$b00$c20040425$lBLL90$h0554
=CAT  \\$aBATCH-UPD$b00$c20150219$lBLL01$h1813
=CAT  \\$aIPL-CLA$c20150331$lBLL01$h1618
=CAT  \\$aBATCH-UPD$b00$c20150520$lBLL01$h1811
=CAT  \\$aIPL-CLA$c20150630$lBLL01$h1633
=CAT  \\$aBATCH-UPD$b00$c20150820$lBLL01$h1855
=CAT  \\$aIPL-CLA$c20150930$lBLL01$h1745
=CAT  \\$aBATCH-UPD$b00$c20160217$lBLL01$h1748
=CAT  \\$aIPL-CLA$c20160331$lBLL01$h1702
=CAT  \\$aBATCH-UPD$b00$c20160413$lBLL01$h1803
=CAT  \\$aBATCH-UPD$b00$c20160524$lBLL01$h2207
=CAT  \\$aBATCH-UPD$b00$c20160524$lBLL01$h2351
=CAT  \\$aBATCH-UPD$b00$c20160824$lBLL01$h1815
=CAT  \\$aIPL-CLA$c20160930$lBLL01$h1545
=CAT  \\$aBATCH-UPD$b00$c20170216$lBLL01$h1904
=CAT  \\$aIPL-CLA$c20170331$lBLL01$h1829
=CAT  \\$aBATCH-UPD$b00$c20170904$lBLL01$h1915
=CAT  \\$aIPL-CLA$c20170929$lBLL01$h1711
=CAT  \\$aBATCH-UPD$b00$c20180223$lBLL01$h1747
=CAT  \\$aIPL-CLA$c20180331$lBLL01$h1559
=CAT  \\$aBATCH-UPD$b00$c20180524$lBLL01$h1732
=CAT  \\$aIPL-CLA$c20180630$lBLL01$h1908
=CAT  \\$a5552$b40$c20210810$lBLL01$h1412
=CAT  \\$aIPL-CLA$c20210930$lBLL01$h1525
=CAT  \\$aBATCH-UPD$b00$c20221121$lBLL01$h1410
=CAT  \\$aIPL-CLA$c20221231$lBLL01$h1434
=CFI  0\$aCurrent copyright fee: GBP34.95$c22\1$e01-jan-2023$fGBP34.95$g0$hP$5Uk
=CFI  2\$aPrevious copyright fee: GBP43.00$c22\1$e01-oct-2021$fGBP43.00$g0$hP$5Uk
=EST  \\$a2
=FFP  \\$aY$bBLDSS-3PM
=FIN  \\$aY
=FMT  \\$a  SE
=LAS  \\$aIPL-CLA$b00$c20221231$lBLL01$h1434
=LEO  \\$aMP25.0000268078
=LEO  \\$aMP5.0000804726
=LEO  \\$aMP10.0000150221
=LEO  \\$aMP22.0000032882
=SRC  \\$aSRI01$bbibmp25.200404.2.aa
=SRC  \\$aBNB03$bbibmp5.200404.2.ab
=SRC  \\$aDSS01$bbibmp10.200404.2.aa
=SRC  \\$aISN01$bbibmp22.200404.2.aa
=TCO  \\$aDEU$bVG WORT$c008
=TOC  \\$aETOC
=UNO  \\$aY

