=LDR  05911cas a2201369 a 4500
=001  008416408
=003  Uk
=005  20230930080208.0
=006  aab\\|||||||||||||
=007  ta
=008  930914c19939999enkmr\p\\\\\\\0\\\a0eng\\
=015  \\$aGB9335922$2bnb
=019  y\$ab9335922
=019  9\$ab9335922
=019  c\$a2467049
=019  0\$as599099003
=022  0\$a0965-4313
=039  0\$a2251
=040  \\$aUk$beng$cUk$dUk
=042  \\$aukblsr
=082  04$a354.3094$221
=084  \\$aWF 00$2blsrissc
=210  0\$aEur. plan. stud.$b(Print)
=222  \0$aEuropean planning studies$b(Print)
=245  00$aEuropean planning studies.
=260  \\$aAbingdon :$bCarfax,$c1993-
=264  31$aAbingdon, Oxon :$bRoutledge, Taylor & Francis Group
=300  \\$av. :$bill., maps ;$c25 cm.
=310  \\$aMonthly,$b2009-
=321  \\$aTen times a year,$b2006-2008
=321  \\$aEight times a year,$b2001-2005
=321  \\$aSix times a year,$b1996-2000
=321  \\$aQuarterly,$b1993-1995
=336  \\$atext$2rdacontent
=337  \\$aunmediated$2rdamedia
=338  \\$avolume$2rdacarrier
=362  0\$aVol. 1, no. 1 (1993)-
=540  \\$aCurrent copyright fee: GBP37.00$c2\0$5Uk
=550  \\$aPublished in cooperation with the Association of European Schools of Planning.
=588  \\$aLatest issue consulted: volume 21, number 6 (2013).
=650  \0$aRegional planning$zEurope$vPeriodicals.
=650  \0$aRegional planning$vPeriodicals.
=653  1\$aEurope
=690  7\$aManagement and Business Studies$2blcoll
=710  2\$aAssociation of European Schools of Planning.
=776  08$iAlso issued online as:$tEuropean planning studies (Online)$x1469-5944
=852  41$aBritish Library$bDSC$j3829.780000$3Vol. 1, no. 1 (1993)-v. 19, no. 8 (2011)***UKRR Retained Title
=852  71$aBritish Library$bSTI$k(P)$hWF 00$m-E(18)$2blsrissc$3Vol. 1, no. 1 (1993)-v. 23, no. 12 (2015)***title now taken as electronic copy only
=856  \\$31850-9999$uhttp://www.tandfonline.com/$xBLDSS
=945  \\$aEUROPEAN PLANNING STUDIES.
=957  \\$aCR
=959  \\$fHeld but not currently received
=963  \\$aVOL. 1, 1993- *A=1$bY$cP690.B.171
=985  \\$aISSN responsibility taken by US ISSN Center (multinational publisher), August 21 2013.
=A02  \\$a2467049
=ACF  \\$aPrevious copyright fee: GBP17.00$c1\0$e01-jan-2010$fGBP17.00$g0$hP$5Uk
=ACF  \\$aPrevious copyright fee: GBP16.00$c1\0$e01-jan-2009$fGBP16.00$g0$hP$5Uk
=ACF  \\$aPrevious copyright fee: GBP15.00$c1\0$e01-apr-2008$fGBP15.00$g0$hP$5Uk
=ACF  \\$aPrevious copyright fee: GBP16.00$c1\0$e01-jan-2007$fGBP16.00$g0$hP$5Uk
=ACF  \\$aPrevious copyright fee: GBP13.00$c1\0$e01-jan-2005$fGBP13.00$g0$hP$5Uk
=ACF  \\$aPrevious copyright fee: GBP11.00$c1\0$e01-jan-2004$fGBP11.00$g0$hP$5Uk
=ACF  \\$aCurrent copyright fee: GBP10.00$c1\0$e01-apr-2002$fGBP10.00$g0$hP$5Uk
=ACF  \\$aCurrent copyright fee: GBP9.00$c1\0$e01-jan-2000$fGBP9.00$g0$hP$5Uk
=ACF  \\$aPrevious copyright fee: GBP21.00$c1\0$e01-jan-2011$fGBP21.00$g0$hP$5Uk
=ACF  \\$aPrevious copyright fee: GBP23.00$c1\0$e01-jan-2012$fGBP23.00$g0$hP$5Uk
=ACF  \\$aPrevious copyright fee: GBP23.50$c1\0$e01-jan-2013$fGBP23.50$g0$hP$5Uk
=ACF  \\$aPrevious copyright fee: GBP24.00$c1\0$e01-jan-2014$fGBP24.00$g0$hP$5Uk
=ACF  \\$aPrevious copyright fee: GBP25.00$c1\0$e01-jan-2015$fGBP25.00$g0$hP$5Uk
=ACF  \\$aPrevious copyright fee: GBP26.00$c1\0$e01-jan-2016$fGBP26.00$g0$hP$5Uk
=ACF  \\$aPrevious copyright fee: GBP28.00$c1\0$e01-jan-2017$fGBP28.00$g0$hP$5Uk
=ACF  \\$aPrevious copyright fee: GBP30.00$c1\0$e01-jan-2018$fGBP30.00$g0$hP$5Uk
=ACF  \\$aPrevious copyright fee: GBP32.00$c1\0$e01-jan-2019$fGBP32.00$g0$hP$5Uk
=ACF  \\$aPrevious copyright fee: GBP34.00$c1\0$e01-jan-2020$fGBP34.00$g0$hP$5Uk
=ACF  \\$aPrevious copyright fee: GBP35.00$c1\0$e01-jan-2021$fGBP35.00$g0$hP$5Uk
=CAT  \\$aWR09-126
=CAT  \\$aBATCH-CLA$b00$c20140125$lBLL01$h1318
=CAT  \\$aBATCH-CLA$c20140225$lBLL01$h2314
=CAT  \\$aWR14_140$c20140905$lBLL01$h1728
=CAT  \\$aBATCH-UPD$b00$c20141124$lBLL01$h1741
=CAT  \\$aBLDSS-3PM$b00$c20141130$lBLL01$h1245
=CAT  \\$aIPL-CLA$c20141231$lBLL01$h1642
=CAT  \\$aBATCH-UPD$b00$c20151119$lBLL01$h1520
=CAT  \\$aIPL-CLA$c20151231$lBLL01$h1907
=CAT  \\$a11205$b40$c20160310$lBLL01$h1614
=CAT  \\$aBATCH-UPD$b40$c20160413$lBLL01$h1803
=CAT  \\$aBATCH-UPD$b40$c20161109$lBLL01$h0958
=CAT  \\$aBATCH-UPD$b40$c20161122$lBLL01$h1442
=CAT  \\$aIPL-CLA$c20161230$lBLL01$h1828
=CAT  \\$aBATCH-UPD$b00$c20171121$lBLL01$h1622
=CAT  \\$aIPL-CLA$c20171231$lBLL01$h1404
=CAT  \\$aBATCH-UPD$b00$c20181217$lBLL01$h1628
=CAT  \\$aIPL-CLA$c20181231$lBLL01$h1533
=CAT  \\$aBATCH-UPD$b00$c20191122$lBLL01$h1841
=CAT  \\$aIPL-CLA$c20191231$lBLL01$h1732
=CAT  \\$aBATCH-UPD$b00$c20201118$lBLL01$h1323
=CAT  \\$aIPL-CLA$c20201231$lBLL01$h1520
=CAT  \\$aBATCH-UPD$b00$c20221121$lBLL01$h1318
=CAT  \\$aIPL-CLA$c20221231$lBLL01$h1434
=CAT  \\$aR2308-1440$c20230824$lBLL01$h0925
=CAT  \\$aIPL-CLA$c20230930$lBLL01$h0802
=CFI  0\$aCurrent copyright fee: GBP37.00$c2\0$e01-oct-2023$fGBP37.00$g0$hP$5Uk
=CFI  2\$aPrevious copyright fee: GBP37.00$c1\0$e01-jan-2023$fGBP37.00$g0$hP$5Uk
=FFP  \\$aY$bBLDSS-3PM
=FIN  \\$aY
=FMT  \\$a  SE
=LAS  \\$aIPL-CLA$b00$c20230930$lBLL01$h0802
=LEO  \\$aMP5.0000809865
=LEO  \\$aMP10.0000219691
=LEO  \\$aMP22.0000037251
=LEO  \\$aMP25.0000290152
=LET  \0$aEuropean planning studies (Print)
=SRC  \\$aBNB03$bbibmp5.200404.2.ab
=SRC  \\$aDSS01$bbibmp10.200404.2.aa
=SRC  \\$aISN01$bbibmp22.200404.2.aa
=SRC  \\$aSRI01$bbibmp25.200404.2.aa
=TCO  \\$aCLA$bCLA$c008
=TOC  \\$aETOC

