=LDR  06382cas a2201393 a 4500
=001  008416800
=003  Uk
=005  20230210004604.0
=006  aab\\|||||||||||||
=007  ta
=008  930914d1986200uenk\u\p\\\\\\\0\\\a0eng\\
=015  \\$aGB9342251$2bnb
=019  y\$ab9342251
=019  9\$ab9342251
=019  c\$a2487483
=019  0\$as594481007
=022  0\$a1350-7389
=039  0\$a2252
=040  \\$aUk$cUk$dUk
=082  04$a508.989072$221
=084  \\$aCA 714$2blsrissc
=210  0\$aSCAR rep.
=222  \0$aSCAR report
=245  00$aSCAR report /$cInternational Council of Scientific Unions.
=246  3\$aScientific Committee on Antarctic Research report
=260  \\$aCambridge :$bScientific Committee on Antarctic Research at the Scott Polar Research Institute,$c1986-
=300  \\$av. :$bill., maps ;$c30 cm.
=310  \\$aIrregular
=336  \\$atext$2rdacontent
=337  \\$aunmediated$2rdamedia
=338  \\$avolume$2rdacarrier
=362  0\$a1986-
=362  1\$aCeased with no. 24 (2005)?
=500  \\$aDescription based on: No.6 (Jan. 1991).
=540  \\$aCurrent Copyright Fee: GBP17.00$c0$5Uk
=580  \\$aIssues from no. 9 (Aug. 1992) also available online; beginning with no. 25 (June 2006)? only issued online.
=650  \0$aScience$xResearch$zAntarctica$vPeriodicals.
=653  1\$aEnvironment$aResearch
=653  1\$aAntarctica
=710  2\$aInternational Council of Scientific Unions.$bScientific Committee on Antarctic Research.
=785  10$tSCAR report (Online)$x1755-9030
=852  71$aBritish Library$bSTI$k(P)$hCA 714$m-E(13)$2blsrissc$3No. 6 (1991)-no. 24 (2005)
=945  \\$aSCAR REPORT -CAMBRIDGE-.
=979  \\$aBritish Library$bDSC$j8087.717000N
=985  \\$aRecord merged by DQ team
=985  \\$aResponsibility for ISSN transferred to the IC from ISSN UK Centre, 27.02.08.
=ACF  \\$aPrevious Copyright Fee: GBP17.00$c0$e01-apr-2012$fGBP17.00$g0$hC$5Uk
=ACF  \\$aPrevious Copyright Fee: GBP17.00$c0$e01-jan-2012$fGBP17.00$g0$hC$5Uk
=ACF  \\$aPrevious Copyright Fee: GBP17.00$c0$e01-oct-2011$fGBP17.00$g0$hC$5Uk
=ACF  \\$aPrevious Copyright Fee: GBP17.00$c0$e01-jul-2011$fGBP17.00$g0$hC$5Uk
=ACF  \\$aPrevious Copyright Fee: GBP17.00$c0$e01-apr-2011$fGBP17.00$g0$hC$5Uk
=ACF  \\$aPrevious Copyright Fee: GBP17.00$c0$e01-jan-2011$fGBP17.00$g0$hC$5Uk
=ACF  \\$aPrevious Copyright Fee: GBP17.00$c0$e01-oct-2010$fGBP17.00$g0$hC$5Uk
=ACF  \\$aPrevious Copyright Fee: GBP9.00$c0$e01-jul-2010$fGBP9.00$g0$hC$5Uk
=ACF  \\$aPrevious Copyright Fee: GBP9.00$c0$e01-apr-2010$fGBP9.00$g0$hC$5Uk
=ACF  \\$aPrevious Copyright Fee: GBP9.00$c0$e01-Jan-2010$fGBP9.00$g0$hC$5Uk
=ACF  \\$aPrevious Copyright Fee: GBP6.00$c0$e01-oct-2009$fGBP6.00$g0$hC$5Uk
=ACF  \\$aPrevious Copyright Fee: GBP6.00$c0$e01-oct-2008$fGBP6.00$g0$hC$5Uk
=ACF  \\$aPrevious Copyright Fee: GBP6.00$c0$e01-jul-2008$fGBP6.00$g0$hC$5Uk
=ACF  \\$aPrevious Copyright Fee: GBP6.00$c0$e01-apr-2008$fGBP6.00$g0$hC$5Uk
=ACF  \\$aPrevious Copyright Fee: GBP6.00$c0$e01-jan-2008$fGBP6.00$g0$hC$5Uk
=ACF  \\$aPrevious Copyright Fee: GBP5.00$c0$e01-oct-2007$fGBP5.00$g0$hC$5Uk
=ACF  \\$aPrevious Copyright Fee: GBP5.00$c0$e01-jul-2007$fGBP5.00$g0$hC$5Uk
=ACF  \\$aPrevious Copyright Fee: GBP5.00$c0$e01-apr-2007$fGBP5.00$g0$hC$5Uk
=ACF  \\$aPrevious Copyright Fee: GBP5.00$c0$e01-jan-2007$fGBP5.00$g0$hC$5Uk
=ACF  \\$aPrevious Copyright Fee: GBP5.00$c0$e01-oct-2006$fGBP5.00$g0$hC$5Uk
=ACF  \\$aPrevious Copyright Fee: GBP5.00$c0$e01-jul-2006$fGBP5.00$g0$hC$5Uk
=ACF  \\$aPrevious Copyright Fee: GBP5.00$c0$e01-apr-2006$fGBP5.00$g0$hC$5Uk
=ACF  \\$aPrevious Copyright Fee: GBP5.00$c0$e01-jan-2006$fGBP5.00$g0$hC$5Uk
=ACF  \\$aPrevious Copyright Fee: GBP5.00$c0$e01-oct-2005$fGBP5.00$g0$hC$5Uk
=ACF  \\$aPrevious Copyright Fee: GBP5.00$c0$e01-jul-2005$fGBP5.00$g0$hC$5Uk
=ACF  \\$aPrevious Copyright Fee: GBP5.00$c0$e01-apr-2005$fGBP5.00$g0$hC$5Uk
=ACF  \\$aPrevious Copyright Fee: GBP5.00$c0$e01-jan-2005$fGBP5.00$g0$hC$5Uk
=ACF  \\$aPrevious Copyright Fee: GBP5.00$c0$e01-oct-2004$fGBP5.00$g0$hC$5Uk
=ACF  \\$aPrevious Copyright Fee: GBP17.00$c0$e01-jul-2012$fGBP17.00$g0$hC$5Uk
=ACF  \\$aPrevious Copyright Fee: GBP17.00$c0$e01-oct-2012$fGBP17.00$g0$hC$5Uk
=AQN  \\$aX REF FROM 7602.6635
=CAT  \\$aCONV$b00$c20040425$lBLL90$h0555
=CAT  \\$aBATCH-UPD$b00$c20100630$lBLL01$h1946
=CAT  \\$aIPL-CLA$c20100630$lBLL01$h2012
=CAT  \\$aBATCH-CLA$b00$c20100831$lBLL01$h1520
=CAT  \\$aIPL-CLA$c20100930$lBLL01$h1453
=CAT  \\$aBATCH-CLA$b00$c20101115$lBLL01$h1601
=CAT  \\$aIPL-CLA$c20101231$lBLL01$h1218
=CAT  \\$aBATCH-CLA$b00$c20110228$lBLL01$h1531
=CAT  \\$aIPL-CLA$c20110331$lBLL01$h1432
=CAT  \\$aBATCH-CLA$b00$c20110531$lBLL01$h1628
=CAT  \\$aIPL-CLA$c20110630$lBLL01$h1513
=CAT  \\$aBATCH-CLA$b00$c20110831$lBLL01$h1751
=CAT  \\$aIPL-CLA$c20110930$lBLL01$h1512
=CAT  \\$aBATCH-CLA$b00$c20111130$lBLL01$h1200
=CAT  \\$aIPL-CLA$c20111230$lBLL01$h1722
=CAT  \\$aBATCH-CLA$b00$c20120229$lBLL01$h1603
=CAT  \\$aIPL-CLA$c20120330$lBLL01$h1358
=CAT  \\$aBATCH-CLA$b00$c20120531$lBLL01$h1659
=CAT  \\$aIPL-CLA$c20120629$lBLL01$h0955
=CAT  \\$aBATCH-CLA$b00$c20120831$lBLL01$h1529
=CAT  \\$aIPL-CLA$c20120930$lBLL01$h2012
=CAT  \\$aBATCH-CLA$b00$c20121104$lBLL01$h1036
=CAT  \\$aWR13.005$c20130323$lBLL01$h1312
=CAT  \\$aWR14_140$c20140905$lBLL01$h1728
=CAT  \\$aBATCH-CLA$b00$c20221130$lBLL01$h1449
=CAT  \\$aIPL-CLA$c20221231$lBLL01$h1845
=CAT  \\$aBATCH-CLA$b00$c20230209$lBLL01$h1536
=CAT  \\$aIPL-CLA$c20230210$lBLL01$h0046
=CFI  0\$aCurrent Copyright Fee: GBP17.00$c0$e09-feb-2023$fGBP17.00$g0$hC$5Uk
=CFI  2\$aBritish Library not licensed to copy$c0$e01-jan-2023$hC$iCFP Excluded$5Uk
=FIN  \\$aY
=FMT  \\$a  SE
=LAS  \\$aIPL-CLA$b00$c20230210$lBLL01$h0046
=LEO  \\$aMP5.0000810967
=LEO  \\$aMP22.0000041153
=LEO  \\$aMP10.0000521602
=LEO  \\$aMP25.0000285631
=SRC  \\$aSRI01$bbibmp25.200404.2.aa
=SRC  \\$aDSS01$bbibmp10.200404.2.aa
=SRC  \\$aBNB03$bbibmp5.200404.2.ab
=SRC  \\$aISN01$bbibmp22.200404.2.aa
=TCO  \\$aCLA$bCLA$c008

