=LDR  03759 as a22009737a 4500
=001  008417096
=003  Uk
=005  20060220105102.0
=006  aa\\\|||||||||||||
=007  ta
=008  931013c19939999ts\mr|p\\\\\\\0\\\a0eng\\
=015  \\$aGB9348328$2bnb
=019  y\$ab9348328
=019  9\$ab9348328
=019  c\$a2492179
=019  0\$as598102000
=022  0\$a1350-4746$y1350-4576
=039  0\$a2259
=040  \\$aUk$cUk$dUk
=082  04$a658.800953$221
=084  \\$aAM 40(ASI)$2blsrissc
=210  0\$aGulf mark. rev.
=222  \0$aGulf marketing review
=245  00$aGulf marketing review.
=246  3\$aGMR
=260  \\$bEMAP Business Information,$c1993-
=260  3\$a[Dubai]:$bGray Business Communications
=300  \\$av. :$bcol. ill. ;$c29 cm.
=336  \\$atext$2rdacontent
=337  \\$aunmediated$2rdamedia
=338  \\$avolume$2rdacarrier
=362  0\$aSample issue (1993)-
=500  \\$aLatest issue consulted: Dec. 2005.
=540  \\$aBritish Library not licensed to copy$c0$5Uk
=595  \\$aSEE ALSO CARD INDEX.
=597  \\$aEnhanced$bSRIS DDC
=653  1\$aBusiness$aMarketing
=653  1\$aArabian Peninsula
=690  7\$aManagement and Business Studies$2blcoll
=852  71$aBritish Library$bSTI$cRES$k(P)$hAM 40$m(ASI) -E(30)$2blsrissc$31993- ; Vol.1- ; Deficient: vol.4-8, 16; vol.45, 1998***Accompanying CD-ROM at (TP) AM 40(ASI) -E(30) Business
=852  71$aBritish Library$bSTI$cRES$k(P)$hAM 40$m(ASI) -E(30)$2blsrissc$31993- ; Vol.1- ; Deficient: vol.4-8, 16; vol.45, 1998***Earlier issues
=852  71$aBritish Library$bSTI$k(TP)$hAM 40$m(ASI) -E(30)$2blsrissc$31993- ; Vol.1- ; Deficient: vol.4-8, 16; vol.45, 1998***Accompanying CD-ROM
=886  2\$2blmarc$a092$b00$a4230.372000n
=945  \\$aGULF MARKETING REVIEW.
=957  \\$aCR
=979  \\$aBritish Library$bDSC$j4230.372000N$xNot selected
=985  \\$aResponsibility for ISSN transferred to the International Centre from ISSN UK Centre, 19.01.06
=ACF  \\$aPrevious copyright fee: GBP5.00$c0$e01-jul-2002$fGBP5.00$g0$hC$5Uk
=ACF  \\$aCurrent copyright fee: GBP4.40$c0$e01-jul-1998$fGBP4.40$g0$hA$5Uk
=ACF  \\$aCurrent copyright fee: GBP4.20$c0$e01-apr-1997$fGBP4.20$g0$hA$5Uk
=CAT  \\$aCONV$b00$c20040425$lBLL90$h0555
=CAT  \\$aCONV$b00$c20040502$lBLL01$h1253
=CAT  \\$aaqnfix$b00$c20040626$lBLL01$h1303
=CAT  \\$c20041008$lBLL01$h0016
=CAT  \\$a11316$b40$c20060112$lBLL01$h1448
=CAT  \\$a6537$b40$c20060220$lBLL01$h1049
=CAT  \\$a6537$b40$c20060220$lBLL01$h1051
=CAT  \\$aglobal_upd$b40$c20060417$lBLL01$h1635
=CAT  \\$aBATCH$b00$c20090521$lBLL01$h0136
=CAT  \\$aWR09-126
=CAT  \\$aBATCH-UPD$b00$c20090904$lBLL01$h1712
=CAT  \\$aWR-09059$b40$c20090927$lBLL01$h1640
=CAT  \\$aBATCH$b00$c20091122$lBLL01$h0035
=CAT  \\$aBATCH-UPD$b00$c20101201$lBLL01$h1215
=CAT  \\$aIPL-CLA$c20101231$lBLL01$h1219
=CAT  \\$aBATCH-UPD$b00$c20110907$lBLL01$h1756
=CAT  \\$aIPL-CLA$c20110908$lBLL01$h1710
=CAT  \\$aBATCH-CLA$b00$c20121104$lBLL01$h1035
=CAT  \\$aWR13.005$c20130323$lBLL01$h1312
=CAT  \\$aWR14_140$c20140905$lBLL01$h1728
=CFI  0\$aBritish Library not licensed to copy$c0$e07-sep-2011$hC$iTX$5Uk
=CFI  2\$aPrevious copyright fee: GBP10.50$c0$e01-jan-2011$fGBP10.50$g0$hA$5Uk
=FIN  \\$aY
=FMT  \\$a  SE
=LAS  \\$aWR14_140$b00$c20140905$lBLL01$h1728
=LEO  \\$aMP5.0000811817
=LEO  \\$aMP10.0000256059
=LEO  \\$aMP22.0000040995
=LEO  \\$aMP25.0000289156
=SRC  \\$aBNB03$bbibmp5.200404.2.ab
=SRC  \\$aDSS01$bbibmp10.200404.2.aa
=SRC  \\$aISN01$bbibmp22.200404.2.aa
=SRC  \\$aSRI01$bbibmp25.200404.2.aa
=TCO  \\$aXXX$c008

