=LDR  04882cas a2201165 a 4500
=001  008417994
=003  Uk
=005  20230210004608.0
=006  aac\\|||||||||||||
=007  ta
=008  950117c19949999fr\qr\p\\\\\\\0\\\a0eng\\
=015  \\$aGB94A2643$2bnb
=019  y\$ab94A2643
=019  9\$ab94A2643
=019  c\$a2589311
=022  0\$a1354-3873
=039  0\$a2325
=040  \\$aUk$cUk$dUk
=082  04$a294.344$220
=130  0\$aView (London, England : 1994)
=210  0\$aView$b(Lond. 1994)
=222  \0$aView$b(London. 1994)
=245  10$aView.
=260  \\$aLondon :$bZam Publishing,$c1994-
=260  3\$aRoqueredonde :$bRIGPA International
=300  \\$av. :$bill. (some col.), ports. (some col.) ;$c30 cm.
=310  \\$aIrregular
=336  \\$atext$2rdacontent
=337  \\$aunmediated$2rdamedia
=338  \\$avolume$2rdacarrier
=362  0\$aIssue 1 (summer 1994)-
=540  \\$aCurrent Copyright Fee: GBP25.00$c0$5Uk
=650  \0$aSpiritualism$vPeriodicals.
=650  \0$aMind and body therapies$vPeriodicals.
=653  1\$aBuddhism
=852  41$aBritish Library$bHMNTS$jZK.9.b.8164$3Issue 1 (summer 1994)-issue 10 (1998)
=945  \\$aView -London- View-.
=963  \\$aNO. 10, 1998- *A=1$bN$cU
=979  \\$aBritish Library$bDSC$j9236.045215N
=985  \\$aRecord merged by DQ team
=985  \\$aResponsibility for ISSN transferred to ISSN International Centre from ISSN UK Centre, 03.11.2009.
=ACF  \\$aPrevious Copyright Fee: GBP12.00$c0$e01-apr-2012$fGBP12.00$g0$hC$5Uk
=ACF  \\$aPrevious Copyright Fee: GBP12.00$c0$e01-jan-2012$fGBP12.00$g0$hC$5Uk
=ACF  \\$aPrevious Copyright Fee: GBP10.50$c0$e01-oct-2011$fGBP10.50$g0$hC$5Uk
=ACF  \\$aPrevious Copyright Fee: GBP10.50$c0$e01-jul-2011$fGBP10.50$g0$hC$5Uk
=ACF  \\$aPrevious Copyright Fee: GBP10.50$c0$e01-apr-2011$fGBP10.50$g0$hC$5Uk
=ACF  \\$aPrevious Copyright Fee: GBP10.50$c0$e01-jan-2011$fGBP10.50$g0$hC$5Uk
=ACF  \\$aPrevious Copyright Fee: GBP9.00$c0$e01-oct-2010$fGBP9.00$g0$hC$5Uk
=ACF  \\$aPrevious Copyright Fee: GBP9.00$c0$e01-jul-2010$fGBP9.00$g0$hC$5Uk
=ACF  \\$aPrevious Copyright Fee: GBP9.00$c0$e01-apr-2010$fGBP9.00$g0$hC$5Uk
=ACF  \\$aPrevious Copyright Fee: GBP9.00$c0$e01-Jan-2010$fGBP9.00$g0$hC$5Uk
=ACF  \\$aPrevious Copyright Fee: GBP6.00$c0$e01-oct-2009$fGBP6.00$g0$hC$5Uk
=ACF  \\$aPrevious Copyright Fee: GBP12.00$c0$e01-jul-2012$fGBP12.00$g0$hC$5Uk
=ACF  \\$aPrevious Copyright Fee: GBP12.00$c0$e01-oct-2012$fGBP12.00$g0$hC$5Uk
=ACF  \\$aPrevious Copyright Fee: GBP12.30$c0$e01-jan-2014$fGBP12.30$g0$hC$5Uk
=ACF  \\$aPrevious Copyright Fee: GBP15.00$c0$e01-jan-2017$fGBP15.00$g0$hC$5Uk
=ACF  \\$aPrevious Copyright Fee: GBP17.50$c0$e01-jan-2018$fGBP17.50$g0$hC$5Uk
=ACF  \\$aPrevious Copyright Fee: GBP20.00$c0$e01-jan-2020$fGBP20.00$g0$hC$5Uk
=ACF  \\$aPrevious Copyright Fee: GBP22.50$c0$e01-jan-2021$fGBP22.50$g0$hC$5Uk
=CAT  \\$aWR09-126
=CAT  \\$aBATCH-CLA$b00$c20110831$lBLL01$h1754
=CAT  \\$aIPL-CLA$c20110930$lBLL01$h1512
=CAT  \\$aBATCH-CLA$b00$c20111130$lBLL01$h1200
=CAT  \\$aIPL-CLA$c20111230$lBLL01$h1722
=CAT  \\$aBATCH-CLA$b00$c20120229$lBLL01$h1617
=CAT  \\$aIPL-CLA$c20120330$lBLL01$h1358
=CAT  \\$aBATCH-CLA$b00$c20120531$lBLL01$h1659
=CAT  \\$aIPL-CLA$c20120629$lBLL01$h0955
=CAT  \\$aBATCH-CLA$b00$c20120831$lBLL01$h1536
=CAT  \\$aIPL-CLA$c20120930$lBLL01$h2012
=CAT  \\$aBATCH-CLA$b00$c20121104$lBLL01$h1035
=CAT  \\$aWR13.005$c20130323$lBLL01$h1312
=CAT  \\$aBATCH-CLA$b00$c20131129$lBLL01$h1644
=CAT  \\$aIPL-CLA$c20131231$lBLL01$h1916
=CAT  \\$aWR14_140$c20140905$lBLL01$h1728
=CAT  \\$aBATCH-CLA$b00$c20161130$lBLL01$h1634
=CAT  \\$aIPL-CLA$c20161230$lBLL01$h1829
=CAT  \\$aBATCH-CLA$b00$c20171130$lBLL01$h1707
=CAT  \\$aIPL-CLA$c20171231$lBLL01$h1404
=CAT  \\$aBATCH-CLA$b00$c20191129$lBLL01$h1620
=CAT  \\$aIPL-CLA$c20191231$lBLL01$h1732
=CAT  \\$aBATCH-CLA$b00$c20201126$lBLL01$h1411
=CAT  \\$aIPL-CLA$c20201231$lBLL01$h1930
=CAT  \\$aBATCH-CLA$b00$c20221130$lBLL01$h1449
=CAT  \\$aIPL-CLA$c20221231$lBLL01$h1845
=CAT  \\$aBATCH-CLA$b00$c20230209$lBLL01$h1536
=CAT  \\$aIPL-CLA$c20230210$lBLL01$h0046
=CFI  0\$aCurrent Copyright Fee: GBP25.00$c0$e09-feb-2023$fGBP25.00$g0$hC$5Uk
=CFI  2\$aBritish Library not licensed to copy$c0$e01-jan-2023$hC$iCFP Excluded$5Uk
=FIN  \\$aY
=FMT  \\$a  SE
=LAS  \\$aIPL-CLA$b00$c20230210$lBLL01$h0046
=LEO  \\$aMP5.0000814367
=LEO  \\$aMP10.0000602339
=LEO  \\$aMP22.0000043852
=SRC  \\$aDSS01$bbibmp10.200404.2.aa
=SRC  \\$aDSS04$bbibld.200404.2.aa
=SRC  \\$aBNB03$bbibmp5.200404.2.ab
=SRC  \\$aISN01$bbibmp22.200404.2.aa
=TCO  \\$aFRA$bCFC$c008

