=LDR  05007cas a2201189 a 4500
=001  008419167
=003  Uk
=005  20211231153619.0
=007  ta
=008  940419c19949999enksr\p\\\\\\\0\\\a0eng\\
=015  \\$aGB9427153$2bnb
=019  y\$ab9427153
=019  9\$ab9427153
=019  c\$a2029809
=022  0\$a1352-2310
=039  0\$a2284
=040  \\$aUk$beng$cUk$dUk
=042  \\$aukblsr
=082  04$a551.51$220
=130  0\$aAtmospheric environment (1994)
=210  0\$aAtmos. environ.$b(1994)
=222  \0$aAtmospheric environment$b(1994)
=245  10$aAtmospheric environment.
=260  \\$aOxford :$bPergamon,$c1994-
=264  31$a[Oxford] :$bElsevier
=300  \\$billustrations (black and white, and colour) ;$c27 cm
=310  \\$aSemimonthly,$b2015-
=321  \\$aEighteen issues yearly,$b2012-2014
=321  \\$aForty issues yearly,$b2002-2011
=321  \\$aThree times a month,$b2001
=321  \\$aThirty issues yearly,$b1999-2000
=321  \\$aSemimonthly,$b1994-1998
=336  \\$atext$2rdacontent
=337  \\$aunmediated$2rdamedia
=338  \\$avolume$2rdacarrier
=362  0\$aVol. 28, no. 1 (Jan. 1994)-
=540  \\$aCurrent copyright fee: GBP34.30$c5\1$5Uk
=588  \\$aLatest issue consulted: volume 92 (August 2014).
=595  \\$aFORMERLY 1767.1204 ALSO FORMERLY 1767.1206 UP TO VOL. 27, 1993 SEE ALSO CARD INDEX.
=650  \0$aAir$xPollution$vPeriodicals.
=650  \0$aAir$xPollution$xMeteorological aspects$vPeriodicals.
=776  08$iAlso issued online as:$tAtmospheric environment (1994 : Online)$x1873-2844
=780  04$tAtmospheric environment. Part A, General topics$x0960-1686
=780  04$tAtmospheric environment. Part B, Urban atmosphere$x0957-1272
=852  41$aBritish Library$bHMNTS$jDZK.9.x.389$3Vol. 35, no. 1 (2001)-v. 107 (2015)***Title now taken as electronic copy
=852  71$aBritish Library$bSTI$k(TP)$hSP 50$m-E(15)$2blsrissc$3Accompanying CD-ROM
=852  41$aBritish Library$bDSC$j1767.120000$3Vol. 1 (1967)-v. 43 (2009)***UKRR Retained Title
=852  71$aBritish Library$bSTI$k(P)$hSP 50$m-E(15)$2blsrissc$3Vol. 28 (1994)-v. 34, no. 29/30 (2000)
=856  \\$31850-9999$uhttp://www.elsevier.com/journals$xBLDSS
=945  \\$aATMOSPHERIC ENVIRONMENT
=959  \\$fHeld but not currently received
=963  \\$a1967- *A=1$bY$cP334.B.53
=985  \\$aResponsibility for ISSN transferred to ISSN Netherlands from ISSN UK Centre (Elsevier imprint). ISSN UK, 20.07.2010
=ACF  \\$aPrevious copyright fee: GBP19.00$c5\5$e01-jan-2008$fGBP19.00$g0$hP$5Uk
=ACF  \\$aPrevious copyright fee: GBP18.00$c5\5$e01-apr-2004$fGBP18.00$g0$hP$5Uk
=ACF  \\$aCurrent copyright fee: GBP20.00$c5\5$e01-jan-2003$fGBP20.00$g0$hP$5Uk
=ACF  \\$aCurrent copyright fee: GBP15.00$c5\5$e01-jul-2002$fGBP15.00$g0$hP$5Uk
=ACF  \\$aPrevious copyright fee: GBP20.00$c5\1$e01-jan-2009$fGBP20.00$g0$hP$5Uk
=ACF  \\$aPrevious copyright fee: GBP21.00$c5\1$e01-jan-2012$fGBP21.00$g0$hP$5Uk
=ACF  \\$aPrevious copyright fee: GBP22.50$c5\1$e01-jan-2013$fGBP22.50$g0$hP$5Uk
=ACF  \\$aPrevious copyright fee: GBP23.40$c5\1$e01-jan-2018$fGBP23.40$g0$hP$5Uk
=CAT  \\$aWR09-126
=CAT  \\$a8201$b40$c20100616$lBLL01$h1446
=CAT  \\$aISSN$b40$c20100720$lBLL01$h1442
=CAT  \\$aWR11_155$c20111021$lBLL01$h1324
=CAT  \\$aWR11_155$c20111114$lBLL01$h1645
=CAT  \\$aBATCH-UPD$b00$c20111123$lBLL01$h1849
=CAT  \\$aIPL-CLA$c20111230$lBLL01$h1723
=CAT  \\$aBATCH-CLA$b00$c20121104$lBLL01$h1035
=CAT  \\$aBATCH-UPD$b00$c20121121$lBLL01$h1653
=CAT  \\$aIPL-CLA$c20121231$lBLL01$h1247
=CAT  \\$aIPL-CLA$c20130102$lBLL01$h1649
=CAT  \\$a8874$b40$c20130204$lBLL01$h1440
=CAT  \\$aWR13.005$c20130323$lBLL01$h1312
=CAT  \\$a11205$b40$c20140821$lBLL01$h1548
=CAT  \\$aWR14_140$c20140905$lBLL01$h1728
=CAT  \\$aBLDSS-3PM$b00$c20141222$lBLL01$h1709
=CAT  \\$a8323$b40$c20150410$lBLL01$h1614
=CAT  \\$a8323$b40$c20150410$lBLL01$h1617
=CAT  \\$aBATCH-UPD$b40$c20160413$lBLL01$h1803
=CAT  \\$aBATCH-UPD$b40$c20170304$lBLL01$h1033
=CAT  \\$aBATCH-UPD$b40$c20171121$lBLL01$h1738
=CAT  \\$aIPL-CLA$c20171231$lBLL01$h1404
=CAT  \\$aBATCH-UPD$b00$c20190521$lBLL01$h1431
=CAT  \\$aIPL-CLA$c20190630$lBLL01$h1526
=CAT  \\$aBATCH-UPD$b00$c20211119$lBLL01$h1549
=CAT  \\$aIPL-CLA$c20211231$lBLL01$h1536
=CFI  0\$aCurrent copyright fee: GBP34.30$c5\1$e01-jan-2022$fGBP34.30$g0$hP$5Uk
=CFI  2\$aPrevious copyright fee: GBP32.84$c5\1$e01-jul-2019$fGBP32.84$g0$hP$5Uk
=EST  \\$a2
=FFP  \\$aY$bBLDSS-3PM
=FIN  \\$aY
=FMT  \\$a  SE
=LAS  \\$aIPL-CLA$b00$c20211231$lBLL01$h1536
=LEO  \\$aMP5.0000817158
=LEO  \\$aMP10.0000081053
=LEO  \\$aMP22.0000042303
=SRC  \\$aBNB03$bbibmp5.200404.2.ab
=SRC  \\$aDSS01$bbibmp10.200404.2.aa
=SRC  \\$aISN01$bbibmp22.200404.2.aa
=TCO  \\$aCLA$bCLA$c008
=TOC  \\$aETOC

