=LDR  05115cas a2201249 a 4500
=001  008529450
=003  Uk
=005  20220106132058.0
=007  ta
=008  771015c19659999enkmr\p\\\\\\\0\\\a0eng\\
=019  c\$a2070502
=019  0\$as113974019
=019  x\$a1084150050
=022  0\$a0015-1882
=030  \\$aFSEPAA
=040  \\$aUk$cUk$dUk
=042  \\$aukblsr
=082  04$a660.28424$222
=210  0\$aFiltr. Sep.
=222  \0$aFiltration & separation
=245  00$aFiltration & separation.
=246  3\$aFiltration and separation
=246  1\$iTitle varies slightly:$aFiltration + separation$f<Oct. 1999- >
=260  \\$aCroydon :$bUplands Press Ltd.,$c1965-
=260  3\$aOxford :$bElsevier Advanced Technology
=300  \\$av. :$bill. ;$c28 cm.
=310  \\$aBimonthly,$b2009-
=321  \\$a10 no. a year,$b<Oct. 1999>-2008
=336  \\$atext$2rdacontent
=337  \\$aunmediated$2rdamedia
=338  \\$avolume$2rdacarrier
=362  0\$aJan./Feb. 1965-
=500  \\$aContains proceedings of the Filtration Society.
=540  \\$aCurrent copyright fee: GBP34.30$c5\1$5Uk
=595  \\$aComes with 008529450. See also Serial Records ICE.
=650  \0$aFilters and filtration$vPeriodicals.
=650  \0$aSeparators (Machines)$vPeriodicals.
=650  \0$aSeparation (Technology)$vPeriodicals.
=710  2\$aFiltration Society (Great Britain)
=770  0\$tDesalination (Oxford, England)
=770  0\$tFiltration + separation. World buyers' guide and directory$g2001-
=770  0\$tFilter media
=770  0\$tWorking with water
=776  08$iAlso issued online as:$tFiltration + separation (Print)
=780  00$tFiltration$x0367-231X
=852  71$aBritish Library$bSTI$k(P)$hLR 28$m-E(1)$2blsrissc$3Vol. 2 (1965)-V. 52, no. 1(2015)***Title now taken as electronic copy
=852  41$aBritish Library$bDSC$j3926.770000$3Vol. 2, no. 1 (1965)-v. 46, no. 6 (2009)***UKRR Retained Title
=856  \\$31850-9999$uhttp://www.elsevier.com/journals$xBLDSS
=945  \\$aFiltration and separation.
=959  \\$fHeld but not currently received
=963  \\$aVol. 2 (1965)-$bN$cL361.B.65
=985  \\$aCorrected by MS generated file for WR# 12.018
=985  \\$aISSN responsibility transfer from NE pending. This print record will be closed and sent to Portal when transfer complete (Richard, 04/01/22)
=A02  \\$a2070502
=ACF  \\$aPrevious copyright fee: GBP19.00$c5\5$e01-jan-2008$fGBP19.00$g0$hP$5Uk
=ACF  \\$aPrevious Copyright Fee: GBP18.00$c5\5$e01-apr-2004$fGBP18.00$g0$hP$5Uk
=ACF  \\$aCurrent copyright fee: GBP20.00$c5\5$e01-jan-2003$fGBP20.00$g0$hP$5Uk
=ACF  \\$aCurrent copyright fee: GBP15.00$c5\5$e01-jul-2002$fGBP15.00$g0$hP$5Uk
=ACF  \\$aPrevious copyright fee: GBP20.00$c5\1$e01-jan-2009$fGBP20.00$g0$hP$5Uk
=ACF  \\$aPrevious copyright fee: GBP21.00$c5\1$e01-jan-2012$fGBP21.00$g0$hP$5Uk
=ACF  \\$aPrevious copyright fee: GBP22.50$c5\1$e01-jan-2013$fGBP22.50$g0$hP$5Uk
=ACF  \\$aPrevious copyright fee: GBP23.40$c5\1$e01-jan-2018$fGBP23.40$g0$hP$5Uk
=CAT  \\$aCONV$b00$c20040425$lBLL90$h0703
=CAT  \\$aBATCH$b00$c20090101$lBLL01$h0132
=CAT  \\$a8874$b40$c20090522$lBLL01$h0915
=CAT  \\$aCDS-UPD$b40$c20091208$lBLL01$h2209
=CAT  \\$aCDS-UPD$b40$c20091208$lBLL01$h2233
=CAT  \\$aWR11_155$c20111021$lBLL01$h1324
=CAT  \\$aWR11_155$c20111114$lBLL01$h1645
=CAT  \\$aBATCH-UPD$b00$c20111123$lBLL01$h1849
=CAT  \\$aIPL-CLA$c20111230$lBLL01$h1727
=CAT  \\$aBLSS-CORR$b00$c20120724$lBLL01$h1755
=CAT  \\$aBATCH-CLA$b00$c20121104$lBLL01$h1032
=CAT  \\$aBATCH-UPD$b00$c20121121$lBLL01$h1653
=CAT  \\$aIPL-CLA$c20121231$lBLL01$h1247
=CAT  \\$aIPL-CLA$c20130102$lBLL01$h1649
=CAT  \\$aWR13.005$c20130323$lBLL01$h1323
=CAT  \\$aBATCH-UPD$b00$c20141002$lBLL01$h1112
=CAT  \\$aBLDSS-3PM$b00$c20141222$lBLL01$h1709
=CAT  \\$a8124$b40$c20150428$lBLL01$h1244
=CAT  \\$aBATCH-UPD$b40$c20160413$lBLL01$h1804
=CAT  \\$aBATCH-UPD$b40$c20170304$lBLL01$h1034
=CAT  \\$aBATCH-UPD$b40$c20171121$lBLL01$h1738
=CAT  \\$aIPL-CLA$c20171231$lBLL01$h1408
=CAT  \\$aBATCH-UPD$b00$c20190521$lBLL01$h1431
=CAT  \\$aIPL-CLA$c20190630$lBLL01$h1526
=CAT  \\$aBATCH-UPD$b00$c20211119$lBLL01$h1549
=CAT  \\$aIPL-CLA$c20211231$lBLL01$h1536
=CAT  \\$a10806$b40$c20220106$lBLL01$h1320
=CFI  0\$aCurrent copyright fee: GBP34.30$c5\1$e01-jan-2022$fGBP34.30$g0$hP$5Uk
=CFI  2\$aPrevious copyright fee: GBP32.84$c5\1$e01-jul-2019$fGBP32.84$g0$hP$5Uk
=EST  \\$a2
=FFP  \\$aY$bBLDSS-3PM
=FIN  \\$aY
=FMT  \\$a  SE
=LAS  \\$a10806$b40$c20220106$lBLL01$h1320
=LEO  \\$aMP25.0000025191
=LEO  \\$aMP22.0000000749
=LEO  \\$aMP10.0000229479
=LEO  \\$aMP1.0001299543.1
=LET  \0$aFiltration + separation (Print)
=SRC  \\$aBLS01$bbibmp1.200404.2.ab
=SRC  \\$aSRI01$bbibmp25.200404.2.aa
=SRC  \\$aISN01$bbibmp22.200404.2.aa
=SRC  \\$aDSS01$bbibmp10.200404.2.aa
=TCO  \\$aCLA$bCLA$c008
=TOC  \\$aETOC

