=LDR  05161cas a2201261 a 4500
=001  008530770
=003  Uk
=005  20221231143449.0
=007  ta
=008  791206c19799999enkqr\p\\\\\\\0\\\a0eng\\
=015  \\$aGB8021534$2bnb
=019  c\$a2070817
=019  y\$aB8021534
=019  9\$ab8021534
=019  1\$ab8021534
=022  0\$a0143-5671
=040  \\$aUk$beng$cUk$dUk
=042  \\$aukblsr
=043  \\$ae-uk---
=082  04$a336.30941$219
=210  0\$aFisc. stud.
=222  \0$aFiscal studies
=245  00$aFiscal studies.
=260  \\$aLondon :$bInstitute for Fiscal Studies,$c1979-
=264  31$aOxford :$bJohn Wiley & Sons Ltd, on behalf of the Institute for Fiscal Studies
=300  \\$av. ;$c21 cm.
=310  \\$aQuarterly,$b<1985->
=321  \\$aThree no. a year
=336  \\$atext$2rdacontent
=337  \\$aunmediated$2rdamedia
=338  \\$avolume$2rdacarrier
=362  0\$aVol. 1, no. 1 (Nov. 1979)-
=500  \\$a"The journal of applied public economics."
=530  \\$aAlso issued online.
=540  \\$aCurrent Copyright Fee: GBP39.00$c35\0$5Uk
=588  \\$aLatest issue consulted: volume 34, number 4 (December 2013).
=595  \\$aSEE ALSO SERIAL RECORDS HEN LULS AND MBS.
=650  \0$aFinance, Public$vPeriodicals.
=650  \0$aFiscal policy$vPeriodicals.
=650  \0$aEconomic policy$vPeriodicals.
=650  \0$aFinance, Public$zGreat Britain$vPeriodicals.
=690  7\$aManagement and Business Studies$2blcoll
=710  2\$aInstitute for Fiscal Studies (Great Britain)
=776  1\$tFiscal studies (Online)$x1475-5890
=852  41$aBritish Library$bDSC$j3934.479000$3Vol. 1 (1979)-v. 35 (2014)***UKRR Retained Title
=852  41$aBritish Library$bHMNTS$jP.511/5212$3Vol. 1, no. 1 (1979)-v. 34, no. 3 (2013)***title now taken as electronic copy only
=856  \\$31850-9999$uhttp://onlinelibrary.wiley.com/$xBLDSS
=945  \\$aFISCAL STUDIES -LONDON-
=957  \\$a800307c
=959  \\$fHeld but not currently received
=963  \\$aVOL. 1, 1979- *A=1$bY$cP222.C.46
=985  \\$aRecord merged by DQ team
=985  \\$aISSN note: responsibility for ISSN transferred from ISSN UK Centre to U.S. ISSN Center, in accordance with multinational publisher agreement, January 23, 2014.
=ACF  \\$aPrevious copyright fee: GBP16.00$c10\0$e01-jan-2006$fGBP16.00$g0$hP$5Uk
=ACF  \\$aPrevious copyright fee: GBP15.00$c10\0$e01-jan-2005$fGBP15.00$g0$hP$5Uk
=ACF  \\$aPrevious Copyright Fee: GBP5.00$c0$e01-oct-2004$fGBP5.00$g0$hC$5Uk
=ACF  \\$aPrevious copyright fee: GBP5.00$c0$e03-sep-1998$fGBP5.00$g0$hC$5Uk
=ACF  \\$aCurrent copyright fee: GBP4.60$c0$e01-apr-1997$fGBP4.60$g0$hC$5Uk
=ACF  \\$aPrevious copyright fee: GBP17.00$c10\0$e01-jan-2009$fGBP17.00$g0$hP$5Uk
=ACF  \\$aPrevious copyright fee: GBP22.00$c10\0$e01-jan-2011$fGBP22.00$g0$hP$5Uk
=ACF  \\$aPrevious copyright fee: GBP24.00$c10\0$e01-mar-2015$fGBP24.00$g0$hP$5Uk
=ACF  \\$aPrevious copyright fee: GBP24.00$c35\0$e07-mar-2017$fGBP24.00$g0$hP$5Uk
=ACF  \\$aPrevious copyright fee: GBP28.00$c35\0$e01-jan-2019$fGBP28.00$g0$hP$5Uk
=CAT  \\$aWR09-126
=CAT  \\$aBATCH-UPD$b40$c20101116$lBLL01$h1327
=CAT  \\$aIPL-CLA$c20101231$lBLL01$h1225
=CAT  \\$aBATCH-UPD$b00$c20120614$lBLL01$h2132
=CAT  \\$a8323$b40$c20120801$lBLL01$h0758
=CAT  \\$a8323$b40$c20120801$lBLL01$h0825
=CAT  \\$aBATCH-CLA$b00$c20121104$lBLL01$h1031
=CAT  \\$aWR13.005$c20130323$lBLL01$h1324
=CAT  \\$a11205$b40$c20140121$lBLL01$h1538
=CAT  \\$a11315$b40$c20140123$lBLL01$h1427
=CAT  \\$aBLDSS-3PM$b00$c20141214$lBLL01$h1518
=CAT  \\$aBATCH-UPD$b00$c20150215$lBLL01$h1619
=CAT  \\$aIPL-CLA$c20150228$lBLL01$h2042
=CAT  \\$aBATCH-UPD$b00$c20160413$lBLL01$h1804
=CAT  \\$aBATCH-UPD$b00$c20170304$lBLL01$h1034
=CAT  \\$aW1703-0316$c20170306$lBLL01$h1822
=CAT  \\$aW1703-0316$c20170307$lBLL01$h1645
=CAT  \\$aIPL-CLA$c20170307$lBLL01$h1823
=CAT  \\$aBATCH-UPD$b00$c20180219$lBLL01$h1740
=CAT  \\$aBATCH-UPD$b00$c20181121$lBLL01$h1618
=CAT  \\$aIPL-CLA$c20181231$lBLL01$h1534
=CAT  \\$aR1911-0245$c20191127$lBLL01$h0821
=CAT  \\$aR1911-0245$c20191127$lBLL01$h1044
=CAT  \\$aIPL-CLA$c20191231$lBLL01$h1735
=CAT  \\$a8055$b40$c20221228$lBLL01$h1451
=CAT  \\$aIPL-CLA$c20221231$lBLL01$h1434
=CFI  0\$aCurrent Copyright Fee: GBP39.00$c35\0$e01-jan-2023$fGBP39.00$g0$hP$5Uk
=CFI  2\$aPrevious Copyright Fee: GBP32.00$c35\0$e01-jan-2020$fGBP32.00$g0$hP$5Uk
=EST  \\$a2
=FFP  \\$aY$bBLDSS-3PM
=FIN  \\$aY
=FMT  \\$a  SE
=LAS  \\$aIPL-CLA$b00$c20221231$lBLL01$h1434
=LEO  \\$aMP5.0000506998
=LEO  \\$aMP13.0000255966
=LEO  \\$aMP22.0000006633
=LEO  \\$aMP10.0000231299
=LKR  \\$aPAR$b013215031$lBLL01$nFiscal studies (Online)$mFiscal studies (Print)$r776
=SRC  \\$aBNB03$bbibmp5.200404.2.aa
=SRC  \\$aHSS01$bbibmp13.200404.2.aa
=SRC  \\$aISN01$bbibmp22.200404.2.aa
=SRC  \\$aDSS01$bbibmp10.200404.2.aa
=TCO  \\$aCLA$bCLA$c008
=TOC  \\$aETOC
=UNO  \\$aY

