=LDR  07735cas a2201585 a 4500
=001  008533429
=003  Uk
=005  20230209233144.0
=006  aac\\|||||||||||||
=007  ta
=008  020415c20019999enkqr\p\\\\\\\0\\\a0eng\\
=015  \\$aGBA148657$2bnb
=019  c\$a2610444
=019  y\$abA148657
=019  9\$abA148657
=019  0\$as67024600x
=022  0\$a1475-3324
=039  0\$a2656
=040  \\$aUk$cUk$dUk
=082  04$a664.005$221
=084  \\$aHP 00$2blsrissc
=210  0\$aFood sci. technol.$b(Lond., 2001)
=222  \0$aFood science & technology$b(London. 2001)
=245  00$aFood science & technology :$binformation quarterly of the Institute of Food Science and Technology.
=246  1\$iKey title update:$aFood science & technology (Manchester)
=246  1\$iKey title update:$aFood science & technology (Chichester)
=246  3\$aFood science and technology
=246  18$aFS&T
=260  \\$aLondon (106-110 Rochester Row, London, SW1P 1JP) :$bBoston Hannah Communications,$c2001-
=260  2\$aManchester :$bExcel Publishing
=264  31$aChichester :$bPublished on behalf of the IFST by John Wiley & Sons Limited
=300  \\$av. :$bcol. ill., col. ports. ;$c30 cm.
=310  \\$aQuarterly
=336  \\$atext$2rdacontent
=337  \\$aunmediated$2rdamedia
=338  \\$avolume$2rdacarrier
=362  0\$aVol. 15, no. 2 (June 2001)-
=500  \\$aSub-title varies.
=540  \\$aCurrent Copyright Fee: GBP25.00$c0$5Uk
=588  \\$aLatest issue consulted: volume 33, issue 3 (September 2019).
=595  \\$aFORMERLY 3983.09 UP TO VOL. 15(1), 2001 SEE ALSO 3983.09 FOR CUL HOLDINGS.
=650  \0$aFood industry and trade$xTechnological innovations$vPeriodicals.
=710  2\$aInstitute of Food Science and Technology (U.K.)
=776  08$iAlso issued online as:$tFood science & technology$x2689-1816
=780  00$tFood science & technology today$x0950-9623
=852  71$aBritish Library$bSTI$k(P)$hHP 00$m-E(55)$2blsrissc$3Vol. 15, no. 2 (2001)-
=852  41$aBritish Library$bDSC$j3983.062000$3Vol. 15, issue 2 (2001)-v. 28, issue 3 (2014)***UKRR Retained Title***Stock Incomplete
=945  \\$aFOOD SCIENCE AND TECHNOLOGY -LONDON-.
=957  \\$a010628c
=959  \\$fHeld but not currently received
=985  \\$aRecord merged by SUNCAT team
=985  \\$aCONFERENCE ANALYTIC RECORDS EXIST
=985  \\$aISSN UK Centre: responsibility transferred to US Center 3.10.19.
=985  \\$aISSN UK Centre: Scan of volume 33, issue 3 provided by US ISSN Center.
=985  \\$aISSN UK Centre: US Center has assigned a provisional ISSN to the online version due to be published by Wiley, ISSN 2689-1816. Please add to 776 when validated in Portal.
=A02  \\$a2610444
=ACF  \\$aPrevious Copyright Fee: GBP12.00$c0$e01-apr-2012$fGBP12.00$g0$hC$5Uk
=ACF  \\$aPrevious Copyright Fee: GBP12.00$c0$e01-jan-2012$fGBP12.00$g0$hC$5Uk
=ACF  \\$aPrevious Copyright Fee: GBP10.50$c0$e01-oct-2011$fGBP10.50$g0$hC$5Uk
=ACF  \\$aPrevious Copyright Fee: GBP10.50$c0$e01-jul-2011$fGBP10.50$g0$hC$5Uk
=ACF  \\$aPrevious Copyright Fee: GBP10.50$c0$e01-apr-2011$fGBP10.50$g0$hC$5Uk
=ACF  \\$aPrevious Copyright Fee: GBP10.50$c0$e01-jan-2011$fGBP10.50$g0$hC$5Uk
=ACF  \\$aPrevious Copyright Fee: GBP9.00$c0$e01-oct-2010$fGBP9.00$g0$hC$5Uk
=ACF  \\$aPrevious Copyright Fee: GBP9.00$c0$e01-jul-2010$fGBP9.00$g0$hC$5Uk
=ACF  \\$aPrevious Copyright Fee: GBP9.00$c0$e01-apr-2010$fGBP9.00$g0$hC$5Uk
=ACF  \\$aPrevious Copyright Fee: GBP9.00$c0$e01-Jan-2010$fGBP9.00$g0$hC$5Uk
=ACF  \\$aPrevious Copyright Fee: GBP6.00$c0$e01-oct-2009$fGBP6.00$g0$hC$5Uk
=ACF  \\$aPrevious Copyright Fee: GBP6.00$c0$e01-jul-2009$fGBP6.00$g0$hC$5Uk
=ACF  \\$aPrevious Copyright Fee: GBP6.00$c0$e01-apr-2009$fGBP6.00$g0$hC$5Uk
=ACF  \\$aPrevious Copyright Fee: GBP6.00$c0$e01-jan-2009$fGBP6.00$g0$hC$5Uk
=ACF  \\$aPrevious Copyright Fee: GBP6.00$c0$e01-oct-2008$fGBP6.00$g0$hC$5Uk
=ACF  \\$aPrevious Copyright Fee: GBP6.00$c0$e01-jul-2008$fGBP6.00$g0$hC$5Uk
=ACF  \\$aPrevious Copyright Fee: GBP6.00$c0$e01-apr-2008$fGBP6.00$g0$hC$5Uk
=ACF  \\$aPrevious Copyright Fee: GBP6.00$c0$e01-jan-2008$fGBP6.00$g0$hC$5Uk
=ACF  \\$aPrevious Copyright Fee: GBP5.00$c0$e01-oct-2007$fGBP5.00$g0$hC$5Uk
=ACF  \\$aPrevious Copyright Fee: GBP5.00$c0$e01-jul-2007$fGBP5.00$g0$hC$5Uk
=ACF  \\$aPrevious Copyright Fee: GBP5.00$c0$e01-apr-2007$fGBP5.00$g0$hC$5Uk
=ACF  \\$aPrevious Copyright Fee: GBP5.00$c0$e01-jan-2007$fGBP5.00$g0$hC$5Uk
=ACF  \\$aPrevious Copyright Fee: GBP5.00$c0$e01-oct-2006$fGBP5.00$g0$hC$5Uk
=ACF  \\$aPrevious Copyright Fee: GBP5.00$c0$e01-jul-2006$fGBP5.00$g0$hC$5Uk
=ACF  \\$aPrevious Copyright Fee: GBP5.00$c0$e01-apr-2006$fGBP5.00$g0$hC$5Uk
=ACF  \\$aPrevious Copyright Fee: GBP5.00$c0$e01-jan-2006$fGBP5.00$g0$hC$5Uk
=ACF  \\$aPrevious Copyright Fee: GBP5.00$c0$e01-oct-2005$fGBP5.00$g0$hC$5Uk
=ACF  \\$aPrevious copyright fee: GBP5.00$c0$e01-jul-2002$fGBP5.00$g0$hA$5Uk
=ACF  \\$aCurrent copyright fee: GBP2.50$c0$e23-oct-2001$fGBP2.50$g0$hC$5Uk
=ACF  \\$aPrevious Copyright Fee: GBP12.00$c0$e01-jul-2012$fGBP12.00$g0$hC$5Uk
=ACF  \\$aPrevious Copyright Fee: GBP12.00$c0$e01-oct-2012$fGBP12.00$g0$hC$5Uk
=ACF  \\$aPrevious Copyright Fee: GBP12.30$c0$e01-jan-2014$fGBP12.30$g0$hC$5Uk
=ACF  \\$aPrevious Copyright Fee: GBP15.00$c0$e01-jan-2017$fGBP15.00$g0$hC$5Uk
=ACF  \\$aPrevious Copyright Fee: zero$c35\0$e13-jan-2020$fGBP0.00$g0$hP$5Uk
=ACF  \\$aPrevious Copyright Fee: GBP17.50$c0$e01-jan-2018$fGBP17.50$g0$hC$5Uk
=CAT  \\$aCONV$b00$c20040425$lBLL90$h0703
=CAT  \\$aIPL-CLA$c20120930$lBLL01$h2013
=CAT  \\$aBATCH-CLA$b00$c20121104$lBLL01$h1031
=CAT  \\$aWR13.005$c20130323$lBLL01$h1325
=CAT  \\$a10997$b40$c20130620$lBLL01$h1148
=CAT  \\$aBATCH-CLA$b00$c20131129$lBLL01$h1646
=CAT  \\$aIPL-CLA$c20131231$lBLL01$h1924
=CAT  \\$aCDS15-UPD$b40$c20140630$lBLL01$h1052
=CAT  \\$aWR14_140$c20140905$lBLL01$h1729
=CAT  \\$aBATCH-CLA$b00$c20161130$lBLL01$h1636
=CAT  \\$aIPL-CLA$c20161230$lBLL01$h1834
=CAT  \\$aBATCH-CLA$b00$c20171130$lBLL01$h1703
=CAT  \\$aIPL-CLA$c20171231$lBLL01$h1409
=CAT  \\$a10973$b40$c20191003$lBLL01$h1356
=CAT  \\$a10973$b40$c20191003$lBLL01$h1405
=CAT  \\$a10973$b40$c20191009$lBLL01$h1136
=CAT  \\$aBATCH-CLA$b00$c20191129$lBLL01$h1614
=CAT  \\$aIPL-CLA$c20191231$lBLL01$h1736
=CAT  \\$a5552$b40$c20200113$lBLL01$h0848
=CAT  \\$aBLDSS-3PM$b00$c20200124$lBLL01$h0859
=CAT  \\$aBATCH-UPD$b00$c20200124$lBLL01$h0900
=CAT  \\$a8483$b40$c20201201$lBLL01$h1501
=CAT  \\$a12654$b40$c20230116$lBLL01$h0956
=CAT  \\$aDEL-3PM$c20230124$lBLL01$h1223
=CAT  \\$aBATCH-CLA$b00$c20230209$lBLL01$h1535
=CAT  \\$aIPL-CLA$c20230209$lBLL01$h2331
=CFI  0\$aCurrent Copyright Fee: GBP25.00$c0$e09-feb-2023$fGBP25.00$g0$hC$5Uk
=CFI  2\$aBritish Library not licensed to copy$c0$e16-jan-2023$hC$iTX$5Uk
=FIN  \\$aY
=FMT  \\$a  SE
=LAS  \\$aIPL-CLA$b00$c20230209$lBLL01$h2331
=LEO  \\$aMP5.0001467924
=LEO  \\$aMP22.0000067772
=LEO  \\$aMP25.0000350176
=LEO  \\$aMP10.0000235014
=LKR  \\$aPAR$b008533437$lBLL01$r78000$mFood science & technology (London. 2001)$nFOOD SCIENCE AND TECHNOLOGY TODAY.
=SRC  \\$aDSS03$bbibsr.200404.2.aa
=SRC  \\$aBNB03$bbibmp5.200404.2.ac
=SRC  \\$aISN01$bbibmp22.200404.2.aa
=SRC  \\$aSRI01$bbibmp25.200404.2.aa
=SRC  \\$aDSS01$bbibmp10.200404.2.aa
=TCO  \\$aCLA$bCLA$c008
=TOC  \\$aETOC
=UNO  \\$aY

