=LDR  04570cas a22009857a 4500
=001  008537545
=003  Uk
=005  20221231185106.0
=007  ta
=008  040409d19511976enkmr\p\\\s\\\0\\\a0eng\\
=019  c\$a2073162
=022  0\$a0046-5240
=040  \\$aUk$cUk$dUk
=222  \0$aFruit intelligence
=245  00$aFruit intelligence.
=260  \\$aLondon :$bIntelligence Branch, Commonwealth Economic Committee,$c1951-1976.
=300  \\$a26 v. ;$c33 cm.
=310  \\$aMonthly
=336  \\$atext$2rdacontent
=337  \\$aunmediated$2rdamedia
=338  \\$avolume$2rdacarrier
=362  0\$aVol. 1, no. 1 (June 1951)-
=362  1\$aCeased with issue for Dec. 1976.
=500  \\$aTitle from caption.
=540  \\$aCurrent Copyright Fee: GBP25.00$c0$5Uk
=550  \\$aPublished by: Commonwealth Economic Committee, Intelligence Branch, 1951-1965; by: Commonwealth Economic Committee, 1966; by: Commonwealth Secretariat, Commodities Branch, Jan.-Feb. 1967; by: Commonwealth Secretariat, Commodities Division, Mar. 1967-1968; by: Commonwealth Secretariat, 1969-1976.
=595  \\$aCEASED PUBLICATION WITH DEC. 1976 SEE ALSO SERIAL RECORDS STATS.
=650  \0$aFruit trade$zGreat Britain$vStatistics$vPeriodicals.
=650  \0$aVegetable trade$zGreat Britain$vStatistics$vPeriodicals.
=710  2\$aCommonwealth Economic Committee.$bIntelligence Branch.
=710  2\$aCommonwealth Secretariat.$bCommodities Branch.
=710  2\$aCommonwealth Secretariat.$bCommodities Division.
=770  0\$tWeekly fruit supplies$x0414-0990
=852  41$aBritish Library$bHMNTS$jBS.12/40$3Vol.5, no.10 (1956)-vol.26 (1976)
=852  41$aBritish Library$bDSC$j4042.830000$3Vol. 1, no. 1 (1951)-v. 26, no. 12 (1976)***UKRR Retained Title
=945  \\$aFRUIT INTELLIGENCE.
=959  \\$fHeld but not currently received
=963  \\$aVOL. 1, 1951- 26, 1976 *A=1$bN$cOP.1100.13.014
=985  \\$aResponsibility for ISSN transferred to the IC from ISSN UK, 30.10.08
=A02  \\$a2073162
=ACF  \\$aPrevious copyright fee: GBP9.00$c0$e01-apr-2010$fGBP9.00$g0$hA$5Uk
=ACF  \\$aPrevious copyright fee: GBP6.00$c0$e01-apr-2008$fGBP6.00$g0$hA$5Uk
=ACF  \\$aPrevious copyright fee: GBP5.00$c0$e01-jul-2002$fGBP5.00$g0$hA$5Uk
=ACF  \\$aCurrent copyright fee: GBP4.40$c0$e01-jul-1998$fGBP4.40$g0$hA$5Uk
=ACF  \\$aCurrent copyright fee: GBP4.20$c0$e01-apr-1997$fGBP4.20$g0$hA$5Uk
=ACF  \\$aPrevious copyright fee: GBP10.50$c0$e01-jan-2011$fGBP10.50$g0$hA$5Uk
=ACF  \\$aPrevious copyright fee: GBP12.00$c0$e01-jan-2012$fGBP12.00$g0$hA$5Uk
=ACF  \\$aPrevious Copyright Fee: GBP12.30$c0$e01-jan-2014$fGBP12.30$g0$hA$5Uk
=ACF  \\$aPrevious Copyright Fee: GBP15.00$c0$e01-jan-2017$fGBP15.00$g0$hA$5Uk
=ACF  \\$aPrevious Copyright Fee: GBP17.50$c0$e01-jan-2018$fGBP17.50$g0$hA$5Uk
=ACF  \\$aPrevious Copyright Fee: GBP20.00$c0$e01-jan-2020$fGBP20.00$g0$hA$5Uk
=CAT  \\$aCONV$b00$c20040425$lBLL90$h0703
=CAT  \\$aBATCH-UPD$b00$c20100225$lBLL01$h2322
=CAT  \\$aBATCH-UPD$b00$c20100331$lBLL01$h2112
=CAT  \\$aBATCH-UPD$b00$c20100401$lBLL01$h0049
=CAT  \\$aBATCH$b00$c20100401$lBLL01$h0358
=CAT  \\$aBATCH$b00$c20100401$lBLL01$h1406
=CAT  \\$aBATCH-UPD$b00$c20101124$lBLL01$h1751
=CAT  \\$aBATCH-UPD$b00$c20101125$lBLL01$h1013
=CAT  \\$aIPL-CLA$c20101231$lBLL01$h1227
=CAT  \\$aWR11_203$c20111204$lBLL01$h1315
=CAT  \\$aIPL-CLA$c20111230$lBLL01$h1730
=CAT  \\$aBATCH-CLA$b00$c20121104$lBLL01$h1029
=CAT  \\$aWR13.005$c20130323$lBLL01$h1326
=CAT  \\$aBATCH-CLA$c20131217$lBLL01$h1729
=CAT  \\$aIPL-CLA$c20131231$lBLL01$h1926
=CAT  \\$aBATCH-CLA$b00$c20161222$lBLL01$h1706
=CAT  \\$aIPL-CLA$c20161230$lBLL01$h1835
=CAT  \\$aBATCH-CLA$b00$c20171222$lBLL01$h2004
=CAT  \\$aIPL-CLA$c20171231$lBLL01$h1410
=CAT  \\$aBATCH-CLA$b00$c20191219$lBLL01$h1631
=CAT  \\$aIPL-CLA$c20191231$lBLL01$h1737
=CAT  \\$aR2001-1524$c20200127$lBLL01$h1929
=CAT  \\$aBATCH-CLA$b00$c20201204$lBLL01$h1428
=CAT  \\$aIPL-CLA$c20201231$lBLL01$h1935
=CAT  \\$aBATCH-CLA$b00$c20221221$lBLL01$h1732
=CAT  \\$aIPL-CLA$c20221231$lBLL01$h1851
=CFI  0\$aCurrent Copyright Fee: GBP25.00$c0$e01-jan-2023$fGBP25.00$g0$hA$5Uk
=CFI  2\$aPrevious Copyright Fee: GBP22.50$c0$e01-jan-2021$fGBP22.50$g0$hA$5Uk
=FIN  \\$aY
=FMT  \\$a  SE
=LAS  \\$aIPL-CLA$b00$c20221231$lBLL01$h1851
=LEO  \\$aMP10.0000240440
=SRC  \\$aDSS01$bbibmp10.200404.2.aa
=TCO  \\$aCLA$bCLA$c008

