=LDR  02977 as a2200721 a 4500
=001  008540994
=003  Uk
=005  20061006132109.0
=007  ta
=008  040409c19uu9999dcutr\p\\\\\\\0\\\a0eng\\
=019  c\$a2074313
=022  0\$a0016-6588$y0072-078X
=040  \\$aUk$beng$cUk
=042  \\$aukblsr
=082  04$a003.05$222
=222  \0$aGeneral systems bulletin (legacy)
=245  00$aGeneral systems bulletin /$cthe International Society for the Systems Sciences.
=260  \\$a[Washington, D.C. ;$aGreat Britain] :$bInternational Society for the Systems Sciences.
=300  \\$av. ;$c30 cm.
=310  \\$aThree times yearly
=336  \\$atext$2rdacontent
=337  \\$aunmediated$2rdamedia
=338  \\$avolume$2rdacarrier
=500  \\$aDescription based on: vol. 34 (2005)
=540  \\$aBritish Library not licensed to copy$c0$5Uk
=610  20$aInternational Society for the Systems Sciences$vPeriodicals.
=650  \0$aSystem theory$vPeriodicals.
=852  11$aBritish Library$bSTI$k(P)$h003$m-E(3)$3Volume 34(2005)-issue 42 (2013)
=852  41$aBritish Library$bDSC$j4111.450000$3VOL. 3, 1971- 26(2), 1997 *A=1
=945  \\$aGENERAL SYSTEMS BULLETIN.
=959  \\$fHeld but not currently received
=985  \\$aISSN responsibility held by ISSN International Centre. ISSN 0016-6588 confirmed as the correct ISSN by NSDP 29.8.05 (Documentation with ISSN UK Centre)
=A02  \\$a2074313
=ACF  \\$aPrevious copyright fee: GBP5.00$c0$e01-jul-2002$fGBP5.00$g0$hC$5Uk
=ACF  \\$aCurrent copyright fee: GBP2.50$c0$e01-jul-1998$fGBP2.50$g0$hC$5Uk
=ACF  \\$aCurrent copyright fee: GBP2.30$c0$e01-apr-1997$fGBP2.30$g0$hC$5Uk
=ACF  \\$aPrevious copyright fee: GBP10.50$c0$e01-jan-2011$fGBP10.50$g0$hA$5Uk
=CAT  \\$aCONV$b00$c20040425$lBLL90$h0703
=CAT  \\$aCONV$b00$c20040502$lBLL01$h1256
=CAT  \\$c20041008$lBLL01$h0040
=CAT  \\$a11316$b40$c20060605$lBLL01$h1212
=CAT  \\$a11315$b40$c20061006$lBLL01$h1313
=CAT  \\$a11315$b40$c20061006$lBLL01$h1321
=CAT  \\$aBATCH$b00$c20091209$lBLL01$h0215
=CAT  \\$aBATCH$b00$c20091214$lBLL01$h0329
=CAT  \\$aBATCH$b00$c20091216$lBLL01$h0110
=CAT  \\$aBATCH-UPD$b00$c20101201$lBLL01$h1217
=CAT  \\$aIPL-CLA$c20101231$lBLL01$h1229
=CAT  \\$aBATCH-UPD$b00$c20110907$lBLL01$h1759
=CAT  \\$aIPL-CLA$c20110908$lBLL01$h1713
=CAT  \\$aBATCH-CLA$b00$c20121104$lBLL01$h1029
=CAT  \\$aWR13.005$c20130323$lBLL01$h1328
=CAT  \\$aBATCH-CLA$b00$c20131129$lBLL01$h1705
=CAT  \\$aIPL-CLA$c20131231$lBLL01$h1928
=CAT  \\$aWR14_140$c20140905$lBLL01$h1729
=CFI  0\$aBritish Library not licensed to copy$c0$e01-jan-2014$hC$iCFP Excluded$5Uk
=CFI  2\$aBritish Library not licensed to copy$c0$e07-sep-2011$hC$iTX$5Uk
=FIN  \\$aY
=FMT  \\$a  SE
=LAS  \\$aWR14_140$b00$c20140905$lBLL01$h1729
=LEO  \\$aMP10.0000245267
=SRC  \\$aDSS01$bbibmp10.200404.2.aa
=TCO  \\$aTRS$bCCC$c008

