=LDR  06789cas a2201489 a 4500
=001  008541576
=003  Uk
=005  20221231143502.0
=007  ta
=008  040409c19279999enktr\p\\\\\\\0\\\a0eng\\
=019  x\$a1000190196
=019  c\$a2074618
=019  0\$as223486000
=022  0\$a0016-7487
=030  \\$aGGHYA
=040  \\$aUk$beng$cUk$dUk
=042  \\$aukblsr
=082  04$a910$221
=084  \\$aCA 00$2blsrissc
=130  0\$aGeography (Sheffield, England)
=210  0\$aGeography
=222  \0$aGeography
=245  10$aGeography.
=260  \\$aSheffield :$bGeographical Association,$c[1927]-
=264  31$a[Abingdon] :$bGeographical Association (GA) in association with Taylor & Francis
=300  \\$av. :$bill. ;$c25-28 cm.
=310  \\$a3 issues yearly,$b2004-
=321  \\$aThree no. a year,$b1927-1928
=321  \\$aQuarterly,$b1929-<2003>
=336  \\$atext$2rdacontent
=337  \\$aunmediated$2rdamedia
=338  \\$avolume$2rdacarrier
=362  1\$aBegan with vol. 14 (1927).
=500  \\$aJournal of the Geographical Association.
=515  \\$aWhole numbering omitted, 2000-
=540  \\$aCurrent copyright fee: GBP37.00$c2\0$5Uk
=550  \\$aIssues for 1927-<Nov. 1953> published: London : London Geographical Institute.
=555  \\$aCumulative index.
=588  \\$aLatest issue consulted: volume 106, part 1 (spring 2021).
=595  \\$aFORMERLY 4128.2 UP TO VOL. 13, 1925/1926 SEE ALSO CARD INDEX.
=650  \0$aGeography$vPeriodicals.
=655  \7$aPeriodicals$2fast$0(OCoLC)fst01411641
=710  2\$aGeographical Association.
=710  2\$aLondon Geographical Institute.
=776  0\$tGeography (Sheffield, England : Online)$x2043-6564
=780  00$tGeographical teacher
=852  41$aBritish Library$bHMNTS$jAc.6180.
=852  41$aBritish Library$bDSC$j4129.000000$3Vol. 14, pt. 1, no. 77 (1927)-***Stock incomplete. Deficient: v. 25, pt. 3/4, no. 129/130 (1940)***UKRR Retained Title
=852  71$aBritish Library$bSTI$k(P)$hCA 00$m-E(5)$2blsrissc$3Vol. 16 (1931)-v. 95, no. 2 (2010)
=856  \\$31850-9999$uhttp://www.tandfonline.com/$xBLDSS
=883  0\$aFAST headings derived from: A topical index to pressmarks in use in the British Museum Library ... / Robin Alston. (London : R.C. Alston, 1987)$d20201111$qUk
=945  \\$aGeography -London-.
=959  \\$fCurrently received
=963  \\$aVOL. 14, 1927- 68, 1983 *A=1$bY$cRCS.PER.1086
=964  \\$aVOL. 14, 1927- *A=1$c91$dO$eTE411
=985  \\$aCONFERENCE ANALYTIC RECORDS EXIST
=985  \\$aRecord merged by DQ team
=985  \\$aISSN responsibility already switched from UK to U.S. (Richard (Leeds), 11/01/21).
=985  \\$aUpgraded by BSS-generated file for WR2012-0338
=A02  \\$a2074618
=ACF  \\$aPrevious Copyright Fee: GBP12.00$c0$e01-apr-2012$fGBP12.00$g0$hC$5Uk
=ACF  \\$aPrevious Copyright Fee: GBP12.00$c0$e01-jan-2012$fGBP12.00$g0$hC$5Uk
=ACF  \\$aPrevious Copyright Fee: GBP10.50$c0$e01-oct-2011$fGBP10.50$g0$hC$5Uk
=ACF  \\$aPrevious Copyright Fee: GBP10.50$c0$e01-jul-2011$fGBP10.50$g0$hC$5Uk
=ACF  \\$aPrevious Copyright Fee: GBP10.50$c0$e01-apr-2011$fGBP10.50$g0$hC$5Uk
=ACF  \\$aPrevious Copyright Fee: GBP10.50$c0$e01-jan-2011$fGBP10.50$g0$hC$5Uk
=ACF  \\$aPrevious Copyright Fee: GBP9.00$c0$e01-oct-2010$fGBP9.00$g0$hC$5Uk
=ACF  \\$aPrevious Copyright Fee: GBP9.00$c0$e01-jul-2010$fGBP9.00$g0$hC$5Uk
=ACF  \\$aPrevious Copyright Fee: GBP9.00$c0$e01-apr-2010$fGBP9.00$g0$hC$5Uk
=ACF  \\$aPrevious Copyright Fee: GBP9.00$c0$e01-Jan-2010$fGBP9.00$g0$hC$5Uk
=ACF  \\$aPrevious Copyright Fee: GBP6.00$c0$e01-oct-2009$fGBP6.00$g0$hC$5Uk
=ACF  \\$aPrevious Copyright Fee: GBP6.00$c0$e01-jul-2009$fGBP6.00$g0$hC$5Uk
=ACF  \\$aPrevious Copyright Fee: GBP6.00$c0$e01-apr-2009$fGBP6.00$g0$hC$5Uk
=ACF  \\$aPrevious Copyright Fee: GBP6.00$c0$e01-jan-2009$fGBP6.00$g0$hC$5Uk
=ACF  \\$aPrevious Copyright Fee: GBP6.00$c0$e01-oct-2008$fGBP6.00$g0$hC$5Uk
=ACF  \\$aPrevious copyright fee: GBP5.00$c0$e03-sep-1998$fGBP5.00$g0$hC$5Uk
=ACF  \\$aCurrent copyright fee: GBP4.60$c0$e01-apr-1997$fGBP4.60$g0$hC$5Uk
=ACF  \\$aPrevious Copyright Fee: GBP12.00$c0$e01-jul-2012$fGBP12.00$g0$hC$5Uk
=ACF  \\$aPrevious Copyright Fee: GBP12.00$c0$e01-oct-2012$fGBP12.00$g0$hC$5Uk
=ACF  \\$aPrevious Copyright Fee: GBP12.30$c0$e01-jan-2014$fGBP12.30$g0$hC$5Uk
=ACF  \\$aPrevious Copyright Fee: GBP15.00$c0$e01-jan-2017$fGBP15.00$g0$hC$5Uk
=ACF  \\$aPrevious Copyright Fee: GBP20.00$c0$e01-jan-2020$fGBP20.00$g0$hC$5Uk
=ACF  \\$aPrevious Copyright Fee: GBP17.50$c0$e01-jan-2018$fGBP17.50$g0$hC$5Uk
=ACF  \\$aPrevious Copyright Fee: GBP34.00$c2\0$e02-sep-2020$fGBP34.00$g0$hP$5Uk
=CAT  \\$aCONV$b00$c20040425$lBLL90$h0703
=CAT  \\$a10997$b40$c20121022$lBLL01$h1310
=CAT  \\$aBATCH-CLA$b00$c20121104$lBLL01$h1028
=CAT  \\$aWR13.005$c20130323$lBLL01$h1328
=CAT  \\$aBATCH-CLA$b00$c20131129$lBLL01$h1634
=CAT  \\$aIPL-CLA$c20131231$lBLL01$h1928
=CAT  \\$aBATCH-CLA$b00$c20161130$lBLL01$h1628
=CAT  \\$aIPL-CLA$c20161230$lBLL01$h1836
=CAT  \\$aBATCH-CLA$b00$c20171130$lBLL01$h1655
=CAT  \\$aIPL-CLA$c20171231$lBLL01$h1411
=CAT  \\$aBATCH-CLA$b00$c20191129$lBLL01$h1627
=CAT  \\$aIPL-CLA$c20191231$lBLL01$h1738
=CAT  \\$a10806$b40$c20200810$lBLL01$h0855
=CAT  \\$a10806$b40$c20200810$lBLL01$h0858
=CAT  \\$a10806$b40$c20200810$lBLL01$h0900
=CAT  \\$a12654$b40$c20200902$lBLL01$h0848
=CAT  \\$aBLDSS-3PM$b00$c20200909$lBLL01$h1348
=CAT  \\$aBATCH-UPD$b00$c20200909$lBLL01$h1348
=CAT  \\$aBATCH-UPD$b00$c20201118$lBLL01$h1332
=CAT  \\$aW2012-0338$b00$c20201209$lBLL01$h2036
=CAT  \\$aIPL-CLA$c20201231$lBLL01$h1520
=CAT  \\$a10806$b40$c20210111$lBLL01$h1406
=CAT  \\$aW2012-0338$c20210128$lBLL01$h1607
=CAT  \\$a11205$b40$c20210408$lBLL01$h1246
=CAT  \\$aBATCH-UPD$b40$c20221121$lBLL01$h1344
=CAT  \\$aIPL-CLA$c20221231$lBLL01$h1435
=CFI  0\$aCurrent copyright fee: GBP37.00$c2\0$e01-jan-2023$fGBP37.00$g0$hP$5Uk
=CFI  2\$aPrevious copyright fee: GBP35.00$c2\0$e01-jan-2021$fGBP35.00$g0$hP$5Uk
=FFP  \\$aY$bBLDSS-3PM
=FIN  \\$aY
=FMT  \\$a  SE
=LAS  \\$aIPL-CLA$b00$c20221231$lBLL01$h1435
=LEO  \\$aMP25.0000085989
=LEO  \\$aMP1.0001189110.2
=LEO  \\$aMP22.0000000817
=LEO  \\$aMP10.0000246126
=LKR  \\$aPAR$b008541543$lBLL01$r78000$mGeography$nThe geographical teacher.
=SRC  \\$aSRI01$bbibmp25.200404.2.aa
=SRC  \\$aBLS01$bbibmp1.200404.2.ab
=SRC  \\$aISN01$bbibmp22.200404.2.aa
=SRC  \\$aDSS01$bbibmp10.200404.2.aa
=TCO  \\$aCLA$bCLA$c008
=TOC  \\$aETOC

