=LDR  05466cas a2201273 a 4500
=001  008542020
=003  Uk
=005  20221231143503.0
=006  ab\\\|||||||||||||
=007  ta
=008  991004c19989999pauqr\p\\\\\\\0\\\a0eng\\
=015  \\$aGBA020110$2bnb
=019  c\$a2583508
=019  y\$abA020110
=019  9\$abA020110
=019  1\$abA020110
=022  0\$a1465-0045
=039  0\$a2583
=040  \\$aUk$beng$cUk$dUk
=042  \\$aukblsr
=082  04$a320.1205$221
=210  0\$aGeopolitics$b(Lond.)
=222  \0$aGeopolitics$b(London)
=245  00$aGeopolitics.
=260  \\$aLondon :$bFrank Cass,$c1998-
=264  31$aPhiladelphia, PA :$bTaylor & Francis Group LLC
=300  \\$av. :$bmaps ;$c22 cm.
=310  \\$aQuarterly
=321  \\$aThrice-annual
=336  \\$atext$2rdacontent
=337  \\$aunmediated$2rdamedia
=338  \\$avolume$2rdacarrier
=362  0\$aVol. 3, no. 1 (summer 1998)-
=540  \\$aCurrent copyright fee: GBP37.00$c2\0$5Uk
=588  \\$aLatest issue consulted: volume 20, issue 2 (2015).
=595  \\$aFORMERLY 4158.1955 UP TO VOL. 2, 1997.
=650  \0$aGeopolitics$vPeriodicals.
=776  08$iAlso issued online as:$tGeopolitics$x1557-3028
=780  00$tGeopolitics and international boundaries$x1362-9379
=852  41$aBritish Library$bDSC$j4158.195400$3Vol. 3, issue 1 (1988)-v. 15, issue 4 (2010)***UKRR Retained Title***Stock Incomplete
=852  41$aBritish Library$bHMNTS$jZC.9.a.4728$3Vol. 3, no. 1 (1998)-v. 20, no. 4 (2015)***title now taken as electronic copy only
=856  \\$31850-9999$uhttp://www.tandfonline.com/$xBLDSS
=945  \\$aGEOPOLITICS -LONDON-.
=959  \\$fHeld but not currently received
=963  \\$aVOL. 3, 1998- *A=1$bN$cP690.C.291
=985  \\$aISSN responsibility taken by US ISSN Center, July 24 2015.
=985  \\$aRecord merged by DQ team
=ACF  \\$aPrevious copyright fee: GBP17.00$c2\0$e01-jan-2010$fGBP17.00$g0$hP$5Uk
=ACF  \\$aPrevious copyright fee: GBP16.00$c2\0$e01-jan-2009$fGBP16.00$g0$hP$5Uk
=ACF  \\$aPrevious copyright fee: GBP15.00$c2\0$e01-apr-2008$fGBP15.00$g0$hP$5Uk
=ACF  \\$aPrevious copyright fee: GBP16.00$c2\0$e01-jan-2007$fGBP16.00$g0$hP$5Uk
=ACF  \\$aPrevious copyright fee: GBP13.00$c2\0$e01-jan-2005$fGBP13.00$g0$hP$5Uk
=ACF  \\$aPrevious copyright fee: GBP11.00$c2\0$e01-jan-2004$fGBP11.00$g0$hP$5Uk
=ACF  \\$aCurrent copyright fee: GBP5.00$c0$e01-jul-2002$fGBP5.00$g0$hC$5Uk
=ACF  \\$aCurrent copyright fee: GBP2.50$c0$e11-aug-1999$fGBP2.50$g0$hC$5Uk
=ACF  \\$aPrevious copyright fee: GBP21.00$c2\0$e01-jan-2011$fGBP21.00$g0$hP$5Uk
=ACF  \\$aPrevious copyright fee: GBP23.00$c2\0$e01-jan-2012$fGBP23.00$g0$hP$5Uk
=ACF  \\$aPrevious copyright fee: GBP23.50$c2\0$e01-jan-2013$fGBP23.50$g0$hP$5Uk
=ACF  \\$aPrevious copyright fee: GBP24.00$c2\0$e01-jan-2014$fGBP24.00$g0$hP$5Uk
=ACF  \\$aPrevious copyright fee: GBP25.00$c2\0$e01-jan-2015$fGBP25.00$g0$hP$5Uk
=ACF  \\$aPrevious copyright fee: GBP26.00$c2\0$e01-jan-2016$fGBP26.00$g0$hP$5Uk
=ACF  \\$aPrevious copyright fee: GBP28.00$c2\0$e01-jan-2017$fGBP28.00$g0$hP$5Uk
=ACF  \\$aPrevious copyright fee: GBP30.00$c2\0$e01-jan-2018$fGBP30.00$g0$hP$5Uk
=ACF  \\$aPrevious copyright fee: GBP32.00$c2\0$e01-jan-2019$fGBP32.00$g0$hP$5Uk
=ACF  \\$aPrevious copyright fee: GBP34.00$c2\0$e01-jan-2020$fGBP34.00$g0$hP$5Uk
=CAT  \\$aCONV$b00$c20040425$lBLL90$h0703
=CAT  \\$aBATCH-CLA$c20140225$lBLL01$h2314
=CAT  \\$aWR14_140$c20140905$lBLL01$h1729
=CAT  \\$aBATCH-UPD$b00$c20141124$lBLL01$h1800
=CAT  \\$aBLDSS-3PM$b00$c20141130$lBLL01$h1245
=CAT  \\$aIPL-CLA$c20141231$lBLL01$h1642
=CAT  \\$a11205$b40$c20150714$lBLL01$h1730
=CAT  \\$a11313$b40$c20150722$lBLL01$h1348
=CAT  \\$a11313$b40$c20150724$lBLL01$h1400
=CAT  \\$aBATCH-UPD$b40$c20151119$lBLL01$h1540
=CAT  \\$a5110$b40$c20151204$lBLL01$h1639
=CAT  \\$aIPL-CLA$c20151231$lBLL01$h1908
=CAT  \\$aBATCH-UPD$b00$c20160413$lBLL01$h1804
=CAT  \\$aBATCH-UPD$b00$c20161122$lBLL01$h1510
=CAT  \\$aBATCH-UPD$b00$c20161122$lBLL01$h1557
=CAT  \\$aIPL-CLA$c20161230$lBLL01$h1836
=CAT  \\$aBATCH-UPD$b00$c20171121$lBLL01$h1644
=CAT  \\$aIPL-CLA$c20171231$lBLL01$h1411
=CAT  \\$aBATCH-UPD$b00$c20181217$lBLL01$h1636
=CAT  \\$aIPL-CLA$c20181231$lBLL01$h1534
=CAT  \\$aBATCH-UPD$b00$c20191122$lBLL01$h1858
=CAT  \\$aIPL-CLA$c20191231$lBLL01$h1738
=CAT  \\$aBATCH-UPD$b00$c20201118$lBLL01$h1332
=CAT  \\$aIPL-CLA$c20201231$lBLL01$h1520
=CAT  \\$aBATCH-UPD$b00$c20221121$lBLL01$h1344
=CAT  \\$aIPL-CLA$c20221231$lBLL01$h1435
=CFI  0\$aCurrent copyright fee: GBP37.00$c2\0$e01-jan-2023$fGBP37.00$g0$hP$5Uk
=CFI  2\$aPrevious copyright fee: GBP35.00$c2\0$e01-jan-2021$fGBP35.00$g0$hP$5Uk
=FFP  \\$aY$bBLDSS-3PM
=FIN  \\$aY
=FMT  \\$a  SE
=LAS  \\$aIPL-CLA$b00$c20221231$lBLL01$h1435
=LEO  \\$aMP10.0000246740
=LEO  \\$aMP5.0001453761
=LEO  \\$aMP13.0000225402
=LEO  \\$aMP22.0000059898
=LET  \0$aGeopolitics (Print)
=LKR  \\$aPAR$b013355209$lBLL01$r776$mGEOPOLITICS -LONDON-.$nGeopolitics (Online)
=SRC  \\$aBNB03$bbibmp5.200404.2.ac
=SRC  \\$aHSS01$bbibmp13.200404.2.aa
=SRC  \\$aISN01$bbibmp22.200404.2.aa
=SRC  \\$aDSS01$bbibmp10.200404.2.aa
=TCO  \\$aCLA$bCLA$c008
=TOC  \\$aETOC

