=LDR  03680cas a22008533  4500
=001  008545838
=003  Uk
=005  20230511162619.0
=008  040410c||||||||hk\fr\p|||\\\\0\\\|0eng\\
=019  c\$a2589395
=022  \\$a1727-2645
=040  \\$aUk$cUk
=222  \0$aPublic administration and policy
=245  00$aPublic administration and policy.
=310  \\$aSemiannual
=336  \\$atext$2rdacontent
=337  \\$aunmediated$2rdamedia
=338  \\$avolume$2rdacarrier
=540  \\$aCurrent Copyright Fee: zero$c25\0$5Uk
=595  \\$aFORMERLY 4326.4067 UP TO VOL. 6, 1997.
=776  08$iAlso issued online as:$tPublic administration and policy$x2517-679X
=852  41$aBritish Library$bDSC$j6962.561400$3Vol. 7 (1998)-v. 13, pt. 2 (2004)
=856  \\$31850-9999$uhttp://www.emeraldinsight.com/$xBLDSS
=945  \\$aPUBLIC ADMINISTRATION AND POLICY.
=959  \\$fHeld but not currently received
=985  \\$aDue to be published by Emerald in 2018 - will need to seek transfer of ISSN responsibility from International Centre. See also ISSN 2517-679X (Online)
=A02  \\$a2589395
=ACF  \\$aPrevious Copyright Fee: GBP20.00$c0$e01-jan-2020$fGBP20.00$g0$hA$5Uk
=ACF  \\$aPrevious copyright fee: GBP9.00$c0$e01-apr-2010$fGBP9.00$g0$hA$5Uk
=ACF  \\$aPrevious copyright fee: GBP6.00$c0$e01-apr-2008$fGBP6.00$g0$hA$5Uk
=ACF  \\$aPrevious copyright fee: GBP5.00$c0$e01-jul-2002$fGBP5.00$g0$hA$5Uk
=ACF  \\$aCurrent copyright fee: GBP2.50$c0$e09-feb-2000$fGBP2.50$g0$hC$5Uk
=ACF  \\$aPrevious copyright fee: GBP10.50$c0$e01-jan-2011$fGBP10.50$g0$hA$5Uk
=ACF  \\$aPrevious copyright fee: GBP12.00$c0$e01-jan-2012$fGBP12.00$g0$hA$5Uk
=ACF  \\$aPrevious Copyright Fee: GBP12.30$c0$e01-jan-2014$fGBP12.30$g0$hA$5Uk
=ACF  \\$aPrevious Copyright Fee: GBP15.00$c0$e01-jan-2017$fGBP15.00$g0$hA$5Uk
=ACF  \\$aPrevious Copyright Fee: GBP17.50$c0$e01-jan-2018$fGBP17.50$g0$hA$5Uk
=CAT  \\$aCONV$b00$c20040425$lBLL90$h0709
=CAT  \\$aBATCH-UPD$b00$c20101124$lBLL01$h1753
=CAT  \\$aBATCH-UPD$b00$c20101125$lBLL01$h1016
=CAT  \\$aIPL-CLA$c20101231$lBLL01$h1231
=CAT  \\$aWR11_203$c20111204$lBLL01$h1317
=CAT  \\$aIPL-CLA$c20111230$lBLL01$h1733
=CAT  \\$aBATCH-CLA$b00$c20121104$lBLL01$h1027
=CAT  \\$aWR13.005$c20130323$lBLL01$h1330
=CAT  \\$aBATCH-CLA$c20131217$lBLL01$h1733
=CAT  \\$aIPL-CLA$c20131231$lBLL01$h1930
=CAT  \\$aBATCH-CLA$b00$c20161222$lBLL01$h1708
=CAT  \\$aIPL-CLA$c20161230$lBLL01$h1837
=CAT  \\$aBATCH-CLA$b00$c20171222$lBLL01$h2005
=CAT  \\$aIPL-CLA$c20171231$lBLL01$h1412
=CAT  \\$a10806$b40$c20180619$lBLL01$h1115
=CAT  \\$a10806$b40$c20181206$lBLL01$h1407
=CAT  \\$a10806$b40$c20191115$lBLL01$h1324
=CAT  \\$aBATCH-CLA$b00$c20191219$lBLL01$h1632
=CAT  \\$aIPL-CLA$c20191231$lBLL01$h1739
=CAT  \\$aR2001-1524$c20200127$lBLL01$h1929
=CAT  \\$aBATCH-CLA$b00$c20201204$lBLL01$h1429
=CAT  \\$aIPL-CLA$c20201231$lBLL01$h1937
=CAT  \\$a12654$b40$c20210524$lBLL01$h0817
=CAT  \\$aBATCH-UNOA$c20210525$lBLL01$h2106
=CAT  \\$aBLDSS-3PM$b00$c20210603$lBLL01$h0928
=CAT  \\$aBATCH-UPD$b00$c20210603$lBLL01$h0928
=CAT  \\$aBATCH-FIX$c20230511$lBLL01$h1626
=CFI  0\$aCurrent Copyright Fee: zero$c25\0$e24-may-2021$fGBP0.00$g0$hP$5Uk
=CFI  2\$aPrevious copyright Fee: GBP22.50$c0$e01-jan-2021$fGBP22.50$g0$hA$5Uk
=FFP  \\$aY$bBLDSS-3PM
=FIN  \\$aY
=FMT  \\$a  SE
=LAS  \\$aBATCH-FIX$b00$c20230511$lBLL01$h1626
=LEO  \\$aMP10.0000467403
=SRC  \\$aDSS01$bbibmp10.200404.2.aa
=TCO  \\$aHKG$bHKRRLS$c008
=UNO  \\$aY

