=LDR  05560cas a2201129 a 4500
=001  008550779
=003  Uk
=005  20221231143513.0
=007  ta
=008  040113c20009999nyuqr\p\\\\\\\0\\\a0eng\\
=019  c\$a3023830
=022  0\$a1745-9435
=040  \\$aUk$beng$cUk
=082  04$a302.2$223
=222  \0$aQualitative research reports in communication$b(Print)
=245  00$aQualitative research reports in communication :$ba publication of the Eastern Communication Association.
=246  3\$aQRRC
=260  \\$a[Salisbury, MD] :$bEastern Communication Association,$c2000-.
=260  3\$32005-$aIthaca, N.Y. :$bNational Communication Association ;$a[Philadelphia] :$bRoutledge.
=300  \\$av. ;$c26 cm.
=310  \\$aQuarterly,$b2005-
=321  \\$aAnnual,$b2003-2004
=321  \\$aQuarterly,$b2000-2002
=336  \\$atext$2rdacontent
=337  \\$aunmediated$2rdamedia
=338  \\$avolume$2rdacarrier
=362  1\$aBegan with vol. 1, no. 1 (winter 2000)
=500  \\$aDescription based on: Vol. 6, no. 1 (2005).
=540  \\$aCurrent copyright fee: GBP37.00$c2\0$5Uk
=580  \\$aIssues for v. 1-3 (2000-2002) published in: Communication quarterly, v. 47, no. 3 (summer 1999)-v. 50, no. 2 (spring 2002). Published separately beginning with v. 4 (2003).
=650  \0$aCommunication$vPeriodicals.
=710  2\$aEastern Communication Association.
=710  2\$aNational Communication Association (U.S.)
=776  0\$tQualitative research reports in communication (Online)$x1745-9443
=777  1\$tCommunication quarterly$g2000-2002$x0146-3373
=852  41$aBritish Library$bHMNTS$jZC.9.a.7437$3Vol. 6, issue 1 (2005)-v. 16, no. 1 (2015)***title now taken as electronic copy only
=852  41$aBritish Library$bDSC$j7168.124420$3VOL. 1/3, 2000/2003- 4, 2003, v. 6, no. 1 (2005)
=856  \\$31850-9999$uhttp://www.tandfonline.com/$xBLDSS
=945  \\$aQUALITATIVE RESEARCH REPORTS IN COMMUNICATION.
=959  \\$fHeld but not currently received
=985  \\$aResponsibility for ISSN taken by NSDP from ISSN UK Centre, 24.04.06
=ACF  \\$aPrevious copyright fee: GBP21.00$c2\0$e01-jan-2010$fGBP21.00$g0$hP$5Uk
=ACF  \\$aPrevious copyright fee: GBP20.00$c2\0$e01-jan-2009$fGBP20.00$g0$hP$5Uk
=ACF  \\$aPrevious copyright fee: GBP19.00$c2\0$e01-apr-2008$fGBP19.00$g0$hP$5Uk
=ACF  \\$aPrevious copyright fee: GBP20.00$c2\0$e01-jan-2007$fGBP20.00$g0$hP$5Uk
=ACF  \\$aPrevious Copyright Fee: GBP18.00$c2\0$e26-apr-2006$fGBP18.00$g0$hP$5Uk
=ACF  \\$aCurrent Copyright Fee: GBP13.00$c0$e01-apr-2006$fGBP13.00$g0$hC$5Uk
=ACF  \\$aPrevious Copyright Fee: GBP0.84$c0$e01-jan-2006$fGBP0.84$g0$hC$5Uk
=ACF  \\$aPrevious copyright fee: GBP5.00$c0$e30-jan-2004$fGBP5.00$g0$hA$5Uk
=ACF  \\$aPrevious copyright fee: GBP25.00$c2\0$e01-jan-2011$fGBP25.00$g0$hP$5Uk
=ACF  \\$aPrevious copyright fee: GBP27.00$c2\0$e01-jan-2012$fGBP27.00$g0$hP$5Uk
=ACF  \\$aPrevious copyright fee: GBP27.50$c2\0$e01-jan-2013$fGBP27.50$g0$hP$5Uk
=ACF  \\$aPrevious copyright fee: GBP30.00$c2\0$e01-jan-2015$fGBP30.00$g0$hP$5Uk
=ACF  \\$aPrevious copyright fee: GBP28.00$c2\0$e01-jan-2014$fGBP28.00$g0$hP$5Uk
=ACF  \\$aPrevious Copyright Fee: GBP25.00$c2\0$e23-feb-2015$fGBP25.00$g0$hP$5Uk
=ACF  \\$aPrevious copyright fee: GBP26.00$c2\0$e01-jan-2016$fGBP26.00$g0$hP$5Uk
=ACF  \\$aPrevious copyright fee: GBP28.00$c2\0$e01-jan-2017$fGBP28.00$g0$hP$5Uk
=ACF  \\$aPrevious copyright fee: GBP30.00$c2\0$e01-jan-2018$fGBP30.00$g0$hP$5Uk
=ACF  \\$aPrevious copyright fee: GBP32.00$c2\0$e01-jan-2019$fGBP32.00$g0$hP$5Uk
=ACF  \\$aPrevious copyright fee: GBP34.00$c2\0$e01-jan-2020$fGBP34.00$g0$hP$5Uk
=CAT  \\$aCONV$b00$c20040425$lBLL90$h0709
=CAT  \\$aIPL-CLA$c20131231$lBLL01$h1933
=CAT  \\$aBATCH-CLA$b00$c20140125$lBLL01$h1319
=CAT  \\$aBATCH-CLA$c20140225$lBLL01$h2314
=CAT  \\$aWR14_140$c20140905$lBLL01$h1729
=CAT  \\$aBATCH-UPD$b00$c20141124$lBLL01$h1751
=CAT  \\$aBLDSS-3PM$b00$c20141130$lBLL01$h1245
=CAT  \\$aIPL-CLA$c20141231$lBLL01$h1642
=CAT  \\$a5552$b40$c20150223$lBLL01$h1146
=CAT  \\$aBATCH-UPD$b40$c20151119$lBLL01$h1541
=CAT  \\$aIPL-CLA$c20151231$lBLL01$h1908
=CAT  \\$a10806$b40$c20160324$lBLL01$h1355
=CAT  \\$aBATCH-UPD$b40$c20160413$lBLL01$h1804
=CAT  \\$aBATCH-UPD$b40$c20161122$lBLL01$h1510
=CAT  \\$aBATCH-UPD$b40$c20161122$lBLL01$h1558
=CAT  \\$aIPL-CLA$c20161230$lBLL01$h1839
=CAT  \\$aBATCH-UPD$b00$c20171121$lBLL01$h1644
=CAT  \\$aIPL-CLA$c20171231$lBLL01$h1414
=CAT  \\$aBATCH-UPD$b00$c20181217$lBLL01$h1636
=CAT  \\$aIPL-CLA$c20181231$lBLL01$h1534
=CAT  \\$aBATCH-UPD$b00$c20191122$lBLL01$h1858
=CAT  \\$aIPL-CLA$c20191231$lBLL01$h1740
=CAT  \\$aBATCH-UPD$b00$c20201118$lBLL01$h1332
=CAT  \\$aIPL-CLA$c20201231$lBLL01$h1520
=CAT  \\$aBATCH-UPD$b00$c20221121$lBLL01$h1344
=CAT  \\$aIPL-CLA$c20221231$lBLL01$h1435
=CFI  0\$aCurrent copyright fee: GBP37.00$c2\0$e01-jan-2023$fGBP37.00$g0$hP$5Uk
=CFI  2\$aPrevious copyright fee: GBP35.00$c2\0$e01-jan-2021$fGBP35.00$g0$hP$5Uk
=FFP  \\$aY$bBLDSS-3PM
=FIN  \\$aY
=FMT  \\$a  SE
=LAS  \\$aIPL-CLA$b00$c20221231$lBLL01$h1435
=LEO  \\$aMP10.0000474038
=LKR  \\$aPAR$b013361094$lBLL01$nQualitative research reports in communicatio$r776$mQualitative research reports in communication (Print)
=SRC  \\$aDSS01$bbibmp10.200404.2.aa
=TCO  \\$aTRS$bCCC$c008
=TOC  \\$aETOC

