=LDR  06996cas a22013457i 4500
=001  008551634
=003  Uk
=005  20220930142338.0
=007  ta
=008  040410d19812005enkbr\p\\\\\\\0\\\a0eng\\
=019  c\$a2196458
=019  0\$as223395021
=022  0\$a0272-4987
=040  \\$aUk$cUk$dUk
=082  04$a150.724$221
=084  \\$aFG 00$2blsrissc
=210  0\$aQ. j. exp. psychol., A Human exp. psychol.$b(Print)
=222  \0$aQuarterly journal of experimental psychology. A, Human experimental psychology$b(Print)
=245  04$aThe quarterly journal of experimental psychology.$nA,$pHuman experimental psychology.
=246  30$aHuman experimental psychology
=246  13$aQuarterly journal of experimental psychology.$nSection A,$pHuman experimental psychology$f<Feb. 1982-Nov. 2005
=246  13$aQJEP(A)
=260  \\$aLondon ;$aNew York :$bPublished for the Experimental Psychology Society by Academic Press,$cc1981-c2005
=300  \\$av. :$bill. ;$c25 cm
=310  \\$aQuarterly
=336  \\$atext$2rdacontent
=337  \\$aunmediated$2rdamedia
=338  \\$avolume$2rdacarrier
=362  0\$aVol. 33A, pt. 1 (Feb. 1981)-v. 58A, no. 8 (Nov. 2005)
=500  \\$aPublished: London ; Hillsdale, N.J. : Published for the Experimental Psychology Society by Erlbaum Associates, 1984- ; published for the Society by: Psychology Press, 1998-2005.
=500  \\$aMerged with: Quarterly journal of experimental psychology. B, Comparative and physiological psychology, to become Quarterly journal of experimental psychology.
=540  \\$aCurrent copyright fee: GBP32.82$c19\0$5Uk
=595  \\$aFORMERLY 7190.00 UP TO VOL. 32(4), 1980 SEE ALSO 7190.00 FOR CUL HOLDINGS.
=650  \0$aPsychology, Comparative$vPeriodicals.
=650  \0$aPsychology, Experimental$vPeriodicals.
=650  \0$aPsychophysiology$vPeriodicals.
=710  2\$aExperimental Psychology Society.
=776  0\$tQuarterly journal of experimental psychology. A (Online)$x1464-0740
=780  01$tQuarterly journal of experimental psychology$x0033-555X
=785  17$tQuarterly journal of experimental psychology. B, Comparative and physiological psychology$x0272-4995
=785  17$tQuarterly journal of experimental psychology (2006)$x1747-0218
=852  41$aBritish Library$bDSC$j7190.100000$3Vol. 33, pt. 1 (1981)-v. 58, no. 8 (2005)***UKRR Retained Title
=852  71$aBritish Library$bSTI$k(P)$hFG 00$m-E(19)$2blsrissc$3Vol.33A (1981)-v. 58 (2005)
=856  \\$31850-9999$uhttp://www.tandfonline.com/$xBLDSS
=945  \\$aQUARTERLY JOURNAL OF EXPERIMENTAL PSYCHOLOGY SERIES A HUMAN EXPERIMENTAL PSYCHOLOGY.
=959  \\$fHeld but not currently received
=985  \\$aISSN under ISSN US Centre responsibility 19/1/06
=985  \\$aRecord merged by DQ team
=ACF  \\$aPrevious copyright fee: GBP21.00$c2\0$e01-jan-2010$fGBP21.00$g0$hP$5Uk
=ACF  \\$aPrevious copyright fee: GBP20.00$c2\0$e01-jan-2009$fGBP20.00$g0$hP$5Uk
=ACF  \\$aPrevious copyright fee: GBP19.00$c2\0$e01-apr-2008$fGBP19.00$g0$hP$5Uk
=ACF  \\$aPrevious copyright fee: GBP20.00$c2\0$e01-jan-2007$fGBP20.00$g0$hP$5Uk
=ACF  \\$aPrevious copyright fee: GBP18.00$c2\0$e01-jan-2005$fGBP18.00$g0$hP$5Uk
=ACF  \\$aPrevious copyright fee: GBP15.00$c2\0$e01-jan-2004$fGBP15.00$g0$hP$5Uk
=ACF  \\$aCurrent copyright fee: GBP13.00$c2\0$e01-apr-2002$fGBP13.00$g0$hP$5Uk
=ACF  \\$aCurrent copyright fee: GBP12.00$c2\0$e01-jan-2000$fGBP12.00$g0$hP$5Uk
=ACF  \\$aPrevious copyright fee: GBP25.00$c2\0$e01-jan-2011$fGBP25.00$g0$hP$5Uk
=ACF  \\$aPrevious copyright fee: GBP27.50$c2\0$e01-jan-2013$fGBP27.50$g0$hP$5Uk
=ACF  \\$aPrevious copyright fee: GBP27.00$c2\0$e01-jan-2012$fGBP27.00$g0$hP$5Uk
=ACF  \\$aPrevious copyright fee: GBP23.50$c2\0$e05-nov-2013$fGBP23.50$g0$hP$5Uk
=ACF  \\$aPrevious copyright fee: GBP24.00$c2\0$e01-jan-2014$fGBP24.00$g0$hP$5Uk
=ACF  \\$aPrevious copyright fee: GBP25.00$c2\0$e01-jan-2015$fGBP25.00$g0$hP$5Uk
=ACF  \\$aPrevious copyright fee: GBP26.00$c2\0$e01-jan-2016$fGBP26.00$g0$hP$5Uk
=ACF  \\$aPrevious copyright fee: GBP28.00$c2\0$e01-jan-2017$fGBP28.00$g0$hP$5Uk
=ACF  \\$aPrevious copyright fee: GBP32.00$c2\0$e01-jan-2019$fGBP32.00$g0$hP$5Uk
=ACF  \\$aPrevious copyright fee: GBP30.00$c2\0$e01-jan-2018$fGBP30.00$g0$hP$5Uk
=ACF  \\$aPrevious copyright fee: GBP27.69$c19\0$e28-jan-2019$fGBP27.69$g0$hP$5Uk
=ACF  \\$aPrevious copyright fee: GBP29.08$c19\0$e01-jul-2019$fGBP29.08$g0$hP$5Uk
=ACF  \\$aPrevious copyright fee: GBP30.24$c19\0$e01-oct-2019$fGBP30.24$g0$hP$5Uk
=ACF  \\$aPrevious copyright fee: GBP30.29$c19\0$e01-apr-2020$fGBP30.29$g0$hP$5Uk
=ACF  \\$aPrevious copyright fee: GBP31.50$c19\0$e01-jul-2020$fGBP31.50$g0$hP$5Uk
=ACF  \\$aPrevious copyright fee: GBP29.17$c19\0$e01-apr-2021$fGBP29.17$g0$hP$5Uk
=ACF  \\$aPrevious copyright fee: GBP28.13$c19\0$e07-jul-2021$fGBP28.13$g0$hP$5Uk
=CAT  \\$aCONV$b00$c20040425$lBLL90$h0709
=CAT  \\$aIPL-CLA$c20161230$lBLL01$h1839
=CAT  \\$aBATCH-UPD$b00$c20171121$lBLL01$h1644
=CAT  \\$aIPL-CLA$c20171231$lBLL01$h1414
=CAT  \\$aBATCH-UPD$b00$c20181217$lBLL01$h1636
=CAT  \\$aIPL-CLA$c20181231$lBLL01$h1534
=CAT  \\$a5552$b40$c20190128$lBLL01$h0926
=CAT  \\$aBATCH-UPD$b40$c20190129$lBLL01$h2353
=CAT  \\$aBATCH-UPD$b40$c20190521$lBLL01$h1406
=CAT  \\$aIPL-CLA$c20190630$lBLL01$h1526
=CAT  \\$aBATCH-UPD$b00$c20190829$lBLL01$h1514
=CAT  \\$aIPL-CLA$c20190930$lBLL01$h1629
=CAT  \\$aBATCH-UPD$b00$c20200219$lBLL01$h1507
=CAT  \\$aIPL-CLA$c20200331$lBLL01$h1605
=CAT  \\$aBATCH-UPD$b00$c20200522$lBLL01$h1445
=CAT  \\$aIPL-CLA$c20200701$lBLL01$h0046
=CAT  \\$a5410$b40$c20200720$lBLL01$h2205
=CAT  \\$aBATCH-UPD$b40$c20210226$lBLL01$h1026
=CAT  \\$a12654$b40$c20210305$lBLL01$h0958
=CAT  \\$aIPL-CLA$c20210331$lBLL01$h1655
=CAT  \\$aBATCH-UPD$b00$c20210707$lBLL01$h1550
=CAT  \\$aIPL-CLA$c20210707$lBLL01$h1841
=CAT  \\$aBATCH-UPD$b00$c20220520$lBLL01$h1637
=CAT  \\$aIPL-CLA$c20220630$lBLL01$h1534
=CAT  \\$aBATCH-UPD$b00$c20220824$lBLL01$h0903
=CAT  \\$aIPL-CLA$c20220930$lBLL01$h1423
=CFI  0\$aCurrent copyright fee: GBP32.82$c19\0$e01-oct-2022$fGBP32.82$g0$hP$5Uk
=CFI  2\$aPrevious copyright fee: GBP31.50$c19\0$e01-jul-2022$fGBP31.50$g0$hP$5Uk
=FFP  \\$aY$bBLDSS-3PM
=FIN  \\$aY
=FMT  \\$a  SE
=LAS  \\$aIPL-CLA$b00$c20220930$lBLL01$h1423
=LEO  \\$aMP10.0000475181
=LEO  \\$aMP25.0000085928
=LEO  \\$aMP22.0000017544
=LKR  \\$aPAR$b008886130$lBLL01$r78001$mQuarterly journal of experimental psychology. A, Human experimental psychology (Print)$nQuarterly journal of experimental psychology
=SRC  \\$aISN01$bbibmp22.200404.2.aa
=SRC  \\$aSRI01$bbibmp25.200404.2.aa
=SRC  \\$aDSS01$bbibmp10.200404.2.aa
=TCO  \\$aCLA$bCLA$c008
=TOC  \\$aETOC
=UNO  \\$aY

