=LDR  05733cas a2201333 a 4500
=001  008558272
=003  Uk
=005  20221231143520.0
=006  aa\\\|||||||||||||
=007  ta
=008  951108c19959999enkbx\p\\\\\\\0\\\a0eng\\
=015  \\$aGB9583483$2bnb
=019  y\$ab9583483
=019  9\$ab9583483
=019  1\$ab9583483
=019  c\$a2521012
=022  0\$a1359-7566
=039  0\$a2362
=040  \\$aUk$beng$cUk$dUk
=042  \\$aukblsr
=082  04$a321.02$220
=210  0\$aReg. fed. stud.
=222  \0$aRegional & federal studies
=245  00$aRegional & federal studies.
=246  30$aRegional and federal studies
=260  \\$aLondon :$bF.Cass,$c1995-
=264  31$aAbingdon :$bTaylor & Francis
=300  \\$av. :$bill. ;$c22 cm.
=310  \\$aFive times a year
=321  \\$aThree issues yearly
=336  \\$atext$2rdacontent
=337  \\$aunmediated$2rdamedia
=338  \\$avolume$2rdacarrier
=362  0\$aVol. 5, no. 1 (spring 1995)-
=540  \\$aCurrent copyright fee: GBP37.00$c2\0$5Uk
=588  \\$aLatest issue consulted: volume 24, number 3 (July 2014).
=595  \\$aFORMERLY 7336.7059 UP TO VOL. 4, 1994 SEE ALSO CARD INDEX.
=650  \0$aRegionalism$vPeriodicals.
=650  \0$aFederal government$vPeriodicals.
=653  1\$aFederal government
=653  1\$aLocal government
=710  2\$aECPR Standing Group on Regionalism.
=776  0\$tRegional & federal studies$c(Online)$x1743-9434
=780  00$tRegional politics & policy$x0959-230X
=852  41$aBritish Library$bDSC$j7336.571640$3Vol. 5, no. 1 (1995)-v. 21, no. 3 (2011)***UKRR Retained Title
=852  41$aBritish Library$bHMNTS$jZC.9.a.2742$3Vol. 5, no. 1 (1995)-v. 25, no. 5 (2015)***title now taken as electronic copy only
=856  \\$31850-9999$uhttp://www.tandfonline.com/$xBLDSS
=945  \\$aREGIONAL AND FEDERAL STUDIES.
=959  \\$fHeld but not currently received
=963  \\$aVOL. 5(2), 1995- *A=1$bN$cL207.C.68
=985  \\$aISSN responsibility taken by US ISSN Center, 11.09.2014.
=A02  \\$a2521012
=ACF  \\$aPrevious copyright fee: GBP17.00$c2\0$e01-jan-2010$fGBP17.00$g0$hP$5Uk
=ACF  \\$aPrevious copyright fee: GBP16.00$c2\0$e01-jan-2009$fGBP16.00$g0$hP$5Uk
=ACF  \\$aPrevious copyright fee: GBP15.00$c2\0$e01-apr-2008$fGBP15.00$g0$hP$5Uk
=ACF  \\$aPrevious copyright fee: GBP16.00$c2\0$e01-jan-2007$fGBP16.00$g0$hP$5Uk
=ACF  \\$aPrevious copyright fee: GBP13.00$c2\0$e01-jan-2005$fGBP13.00$g0$hP$5Uk
=ACF  \\$aPrevious copyright fee: GBP11.00$c2\0$e01-jan-2004$fGBP11.00$g0$hP$5Uk
=ACF  \\$aCurrent copyright fee: GBP5.00$c0$e01-jul-1999$fGBP5.00$g0$hC$5Uk
=ACF  \\$aCurrent copyright fee: GBP0.74$c0$e01-jul-1998$fGBP0.74$g0$hC$5Uk
=ACF  \\$aPrevious copyright fee: GBP21.00$c2\0$e01-jan-2011$fGBP21.00$g0$hP$5Uk
=ACF  \\$aPrevious copyright fee: GBP23.00$c2\0$e01-jan-2012$fGBP23.00$g0$hP$5Uk
=ACF  \\$aPrevious copyright fee: GBP23.50$c2\0$e01-jan-2013$fGBP23.50$g0$hP$5Uk
=ACF  \\$aPrevious copyright fee: GBP24.00$c2\0$e01-jan-2014$fGBP24.00$g0$hP$5Uk
=ACF  \\$aPrevious copyright fee: GBP25.00$c2\0$e01-jan-2015$fGBP25.00$g0$hP$5Uk
=ACF  \\$aPrevious copyright fee: GBP26.00$c2\0$e01-jan-2016$fGBP26.00$g0$hP$5Uk
=ACF  \\$aPrevious copyright fee: GBP28.00$c2\0$e01-jan-2017$fGBP28.00$g0$hP$5Uk
=ACF  \\$aPrevious copyright fee: GBP30.00$c2\0$e01-jan-2018$fGBP30.00$g0$hP$5Uk
=ACF  \\$aPrevious copyright fee: GBP32.00$c2\0$e01-jan-2019$fGBP32.00$g0$hP$5Uk
=ACF  \\$aPrevious copyright fee: GBP34.00$c2\0$e01-jan-2020$fGBP34.00$g0$hP$5Uk
=CAT  \\$aWR09-126
=CAT  \\$aIPL-CLA$c20131231$lBLL01$h1937
=CAT  \\$aBATCH-CLA$b00$c20140125$lBLL01$h1319
=CAT  \\$aBATCH-CLA$c20140225$lBLL01$h2314
=CAT  \\$aWR14_140$c20140905$lBLL01$h1729
=CAT  \\$a11205$b40$c20140909$lBLL01$h1147
=CAT  \\$a11313$b40$c20140911$lBLL01$h0826
=CAT  \\$aBATCH-UPD$b40$c20141124$lBLL01$h1800
=CAT  \\$aBLDSS-3PM$b00$c20141130$lBLL01$h1245
=CAT  \\$aIPL-CLA$c20141231$lBLL01$h1642
=CAT  \\$aBATCH-UPD$b00$c20151119$lBLL01$h1541
=CAT  \\$aIPL-CLA$c20151231$lBLL01$h1908
=CAT  \\$aBATCH-UPD$b00$c20160413$lBLL01$h1804
=CAT  \\$aBATCH-UPD$b00$c20161122$lBLL01$h1510
=CAT  \\$aBATCH-UPD$b00$c20161122$lBLL01$h1558
=CAT  \\$aIPL-CLA$c20161230$lBLL01$h1841
=CAT  \\$aBATCH-UPD$b00$c20171121$lBLL01$h1644
=CAT  \\$aIPL-CLA$c20171231$lBLL01$h1416
=CAT  \\$aBATCH-UPD$b00$c20181217$lBLL01$h1636
=CAT  \\$aIPL-CLA$c20181231$lBLL01$h1534
=CAT  \\$aBATCH-UPD$b00$c20191122$lBLL01$h1858
=CAT  \\$aIPL-CLA$c20191231$lBLL01$h1742
=CAT  \\$aBATCH-UPD$b00$c20201118$lBLL01$h1332
=CAT  \\$aIPL-CLA$c20201231$lBLL01$h1520
=CAT  \\$aBATCH-UPD$b00$c20221121$lBLL01$h1344
=CAT  \\$aIPL-CLA$c20221231$lBLL01$h1435
=CFI  0\$aCurrent copyright fee: GBP37.00$c2\0$e01-jan-2023$fGBP37.00$g0$hP$5Uk
=CFI  2\$aPrevious copyright fee: GBP35.00$c2\0$e01-jan-2021$fGBP35.00$g0$hP$5Uk
=FFP  \\$aY$bBLDSS-3PM
=FIN  \\$aY
=FMT  \\$a  SE
=LAS  \\$aIPL-CLA$b00$c20221231$lBLL01$h1435
=LEO  \\$aMP10.0000484510
=LEO  \\$aMP5.0000831360
=LEO  \\$aMP13.0000334846
=LEO  \\$aMP22.0000047669
=LKR  \\$aPAR$b012473579$lBLL01$r78000$mRegional & federal studies$nRegional politics & policy
=LKR  \\$aPAR$b013361942$lBLL01$r776$mRegional & federal studies$nRegional and federal studies (Online)
=SRC  \\$aBNB03$bbibmp5.200404.2.ab
=SRC  \\$aHSS01$bbibmp13.200404.2.aa
=SRC  \\$aISN01$bbibmp22.200404.2.aa
=SRC  \\$aDSS01$bbibmp10.200404.2.aa
=TCO  \\$aCLA$bCLA$c008
=TOC  \\$aETOC

