=LDR  03987cas a2200913 a 4500
=001  008571195
=003  Uk
=005  20221231185618.0
=007  ta
=008  020918d19831998enkau\p\\\\\\\0\\\a0eng\\
=019  c\$a2539739
=022  0\$a1478-1190
=040  \\$aUk$beng$cUk
=222  \0$aJournal of the International Society for the Study of Tension in Performance
=245  00$aJournal of the International Society for the Study of Tension in Performance.
=260  \\$aKingston upon Thames :$bInternational Society for the Study of Tension in Performance.$c1983-1998.
=300  \\$av.
=336  \\$atext$2rdacontent
=337  \\$aunmediated$2rdamedia
=338  \\$avolume$2rdacarrier
=362  0\$aVol. 1, no. 1 (Nov. 1983)-
=362  1\$aCeased in 1998
=540  \\$aCurrent Copyright Fee: GBP25.00$c0$5Uk
=595  \\$aSEE CARD INDEX.
=650  \0$aMusicians$xHealth and hygiene$vPeriodicals.
=710  2\$aInternational Society for the Study of Tension in Performance.
=785  00$tISSTIP journal$x1478-1204
=852  41$aBritish Library$bDSC$j4802.512050$3Vol. 1, no. 1 (1983)-no. 7 (1992)***UKRR Retained Title
=852  41$aBritish Library$bHMNTS$jZK.9.b.20100
=945  \\$aJOURNAL- INTERNATIONAL SOCIETY FOR THE STUDY OF TENSION IN PERFORMANCE.
=985  \\$aResponsibility for ISSN transferred to ISSN International Centre from ISSN UK Centre (international organisation), 05.08.2010
=A02  \\$a2539739
=A02  \\$a2539739$z0
=ACF  \\$aPrevious copyright fee: GBP9.00$c0$e01-apr-2010$fGBP9.00$g0$hA$5Uk
=ACF  \\$aPrevious copyright fee: GBP6.00$c0$e01-apr-2008$fGBP6.00$g0$hA$5Uk
=ACF  \\$aPrevious copyright fee: GBP5.00$c0$e01-oct-2002$fGBP5.00$g0$hA$5Uk
=ACF  \\$aPrevious copyright fee: GBP10.50$c0$e01-jan-2011$fGBP10.50$g0$hA$5Uk
=ACF  \\$aPrevious copyright fee: GBP12.00$c0$e01-jan-2012$fGBP12.00$g0$hA$5Uk
=ACF  \\$aPrevious Copyright Fee: GBP12.30$c0$e01-jan-2014$fGBP12.30$g0$hA$5Uk
=ACF  \\$aPrevious Copyright Fee: GBP15.00$c0$e01-jan-2017$fGBP15.00$g0$hA$5Uk
=ACF  \\$aPrevious Copyright Fee: GBP17.50$c0$e01-jan-2018$fGBP17.50$g0$hA$5Uk
=ACF  \\$aPrevious Copyright Fee: GBP20.00$c0$e01-jan-2020$fGBP20.00$g0$hA$5Uk
=CAT  \\$aCONV$b00$c20040425$lBLL90$h0714
=CAT  \\$aBATCH$b00$c20100401$lBLL01$h0404
=CAT  \\$aBATCH$b00$c20100401$lBLL01$h1414
=CAT  \\$a11313$b40$c20100805$lBLL01$h1547
=CAT  \\$aBATCH-UPD$b40$c20101124$lBLL01$h1759
=CAT  \\$aBATCH-UPD$b40$c20101125$lBLL01$h1021
=CAT  \\$aIPL-CLA$c20101231$lBLL01$h1238
=CAT  \\$aWR11_203$c20111204$lBLL01$h1322
=CAT  \\$aIPL-CLA$c20111230$lBLL01$h1740
=CAT  \\$aBATCH-CLA$b00$c20121104$lBLL01$h1022
=CAT  \\$aWR13.005$c20130323$lBLL01$h1338
=CAT  \\$aBATCH-CLA$c20131217$lBLL01$h1741
=CAT  \\$aIPL-CLA$c20131231$lBLL01$h1940
=CAT  \\$a8456$b40$c20140602$lBLL01$h0828
=CAT  \\$aBATCH-CLA$b00$c20161222$lBLL01$h1710
=CAT  \\$aBATCH-UPD$b00$c20161223$lBLL01$h1448
=CAT  \\$aIPL-CLA$c20161230$lBLL01$h1842
=CAT  \\$aBATCH-CLA$b00$c20171222$lBLL01$h2008
=CAT  \\$aIPL-CLA$c20171231$lBLL01$h1418
=CAT  \\$aBATCH-CLA$b00$c20191219$lBLL01$h1635
=CAT  \\$aIPL-CLA$c20191231$lBLL01$h1743
=CAT  \\$aR2001-1524$c20200127$lBLL01$h1930
=CAT  \\$aBATCH-CLA$b00$c20201204$lBLL01$h1431
=CAT  \\$aIPL-CLA$c20201231$lBLL01$h1942
=CAT  \\$aBATCH-CLA$b00$c20221221$lBLL01$h1736
=CAT  \\$aIPL-CLA$c20221231$lBLL01$h1856
=CFI  0\$aCurrent Copyright Fee: GBP25.00$c0$e01-jan-2023$fGBP25.00$g0$hA$5Uk
=CFI  2\$aPrevious Copyright Fee: GBP22.50$c0$e01-jan-2021$fGBP22.50$g0$hA$5Uk
=FIN  \\$aY$d20050524
=FMT  \\$a  SE
=LAS  \\$aIPL-CLA$b00$c20221231$lBLL01$h1856
=LEO  \\$aMP10.0000315735
=LEO  \\$aMP22.0000069579
=SRC  \\$aISN01$bbibmp22.200404.2.aa
=SRC  \\$aDSS01$bbibmp10.200404.2.aa
=SRC  \\$aDSS04$bbibld.200404.2.aa
=TCO  \\$aCLA$bCLA$c008

