=LDR  07175cas a22014057a 4500
=001  008786724
=003  Uk
=005  20211130140500.0
=007  ta
=008  800917d19731989enkar\\\\\\\\\0\\\a0eng\\
=015  \\$aGB8109072$2bnb
=019  c\$a2308560
=019  y\$aB8109072
=019  9\$a0851430678
=019  1\$a0851430678
=022  0\$a0260-0749
=039  0\$a1629
=040  \\$aUk$cUk$dUk
=043  \\$ab------
=050  00$aLB2337.6.C65
=082  04$a378/.3$219
=210  0\$aFinanc. aid first degree study Commonw. univ.
=222  \0$aFinancial aid for first degree study at Commonwealth universities
=245  00$aFinancial aid for first degree study at Commonwealth universities.
=260  \\$aLondon :$bAssociation of Commonwealth Universities
=336  \\$atext$2rdacontent
=337  \\$aunmediated$2rdamedia
=338  \\$avolume$2rdacarrier
=540  \\$aBritish Library not licensed to copy$c0$5Uk
=595  \\$aCONTD AS 1840.558 1993/1995-
=650  \0$aStudent aid$zCommonwealth of Nations$vDirectories.
=653  \\$aCommonwealth countries$aUniversities$aFirst degree courses$aStudents$aFinancial assistance$aOrganisations$aDirectories$aSerials
=710  2\$aAssociation of Commonwealth Universities.
=785  00$tAwards for first degree study at Commonwealth universities$x0967-9863
=852  41$aBritish Library$bDSC$j3926.936500$31986/1988- 1990/1992 *A=1
=852  41$aBritish Library$bHMNTS$jP.511/5252
=945  \\$aFINANCIAL AID FOR FIRST DEGREE STUDY AT COMMONWEALTH UNIVERSITIES.
=959  \\$fHeld but not currently received
=985  \\$aResponsibility for ISSN transferred to IC from ISSN UK, 12.04.07
=ACF  \\$aBritish Library not licensed to copy$c0$e01-apr-2012$hC$iCLA Excluded$5Uk
=ACF  \\$aBritish Library not licensed to copy$c0$e01-jan-2012$hC$iCLA Excluded$5Uk
=ACF  \\$aBritish Library not licensed to copy$c0$e01-oct-2011$hC$iCLA Excluded$5Uk
=ACF  \\$aBritish Library not licensed to copy$c0$e01-jul-2011$hC$iCLA Excluded$5Uk
=ACF  \\$aBritish Library not licensed to copy$c0$e01-apr-2011$hC$iCLA Excluded$5Uk
=ACF  \\$aBritish Library not licensed to copy$c0$e01-jan-2011$hC$iCLA Excluded$5Uk
=ACF  \\$aBritish Library not licensed to copy$c0$e01-oct-2010$hC$iCLA Excluded$5Uk
=ACF  \\$aBritish Library not licensed to copy$c0$e01-jul-2010$hC$iCLA Excluded$5Uk
=ACF  \\$aBritish Library not licensed to copy$c0$e01-apr-2010$hC$iCLA Excluded$5Uk
=ACF  \\$aBritish Library not licensed to copy$c0$e01-Jan-2010$hC$iCLA Excluded$5Uk
=ACF  \\$aBritish Library not licensed to copy$c0$e01-oct-2009$hC$iCLA Excluded$5Uk
=ACF  \\$aBritish Library not licensed to copy$c0$e01-jul-2009$hC$iCLA Excluded$5Uk
=ACF  \\$aBritish Library not licensed to copy$c0$e01-apr-2009$hC$iCLA Excluded$5Uk
=ACF  \\$aBritish Library not licensed to copy$c0$e01-jan-2009$hC$iCLA Excluded$5Uk
=ACF  \\$aBritish Library not licensed to copy$c0$e01-oct-2008$hC$iCLA Excluded$5Uk
=ACF  \\$aBritish Library not licensed to copy$c0$e01-jul-2008$hC$iCLA Excluded$5Uk
=ACF  \\$aBritish Library not licensed to copy$c0$e01-apr-2008$hC$iCLA Excluded$5Uk
=ACF  \\$aBritish Library not licensed to copy$c0$e01-jan-2008$hC$iCLA Excluded$5Uk
=ACF  \\$aBritish Library not licensed to copy$c0$e01-oct-2007$hC$iCLA Excluded$5Uk
=ACF  \\$aBritish Library not licensed to copy$c0$e01-jul-2007$hC$iCLA Excluded$5Uk
=ACF  \\$aBritish Library not licensed to copy$c0$e01-apr-2007$hC$iCLA Excluded$5Uk
=ACF  \\$aBritish Library not licensed to copy$c0$e01-jan-2007$hC$iCLA Excluded$5Uk
=ACF  \\$aBritish Library not licensed to copy$c0$e01-oct-2006$hC$iCLA Excluded$5Uk
=ACF  \\$aBritish Library not licensed to copy$c0$e01-jul-2006$hC$iCLA Excluded$5Uk
=ACF  \\$aBritish Library not licensed to copy$c0$e01-apr-2006$hC$iCLA Excluded$5Uk
=ACF  \\$aBritish Library not licensed to copy$c0$e01-jan-2006$hC$iCLA Excluded$5Uk
=ACF  \\$aBritish Library not licensed to copy$c0$e01-oct-2005$hC$iCLA Excluded$5Uk
=ACF  \\$aBritish Library not licensed to copy$c0$e01-jul-2005$hC$iCLA Excluded$5Uk
=ACF  \\$aBritish Library not licensed to copy$c0$e01-apr-2005$hC$iCLA Excluded$5Uk
=ACF  \\$aBritish Library not licensed to copy$c0$e01-jan-2005$hC$iCLA Excluded$5Uk
=ACF  \\$aBritish Library not licensed to copy$c0$e01-oct-2004$hC$iCLA Excluded$5Uk
=ACF  \\$aBritish Library not licensed to copy$c0$e24-may-2002$g0$hC$iCLA-excluded$5Uk
=ACF  \\$aBritish Library not licensed to copy$c0$e01-apr-1997$g0$iCLA-excluded$5Uk
=ACF  \\$aBritish Library not licensed to copy$c0$e01-jul-2012$hC$iCLA Excluded$5Uk
=ACF  \\$aBritish Library not licensed to copy$c0$e01-oct-2012$hC$iCFP Excluded$5Uk
=ACF  \\$aBritish Library not licensed to copy$c0$e01-jan-2013$hC$iCFP Excluded$5Uk
=ACF  \\$aBritish Library not licensed to copy$c0$e01-apr-2013$hC$iCFP Excluded$5Uk
=ACF  \\$aBritish Library not licensed to copy$c0$e01-jul-2013$hC$iCFP Excluded$5Uk
=ACF  \\$aBritish Library not licensed to copy$c0$e01-oct-2013$hC$iCFP Excluded$5Uk
=ACF  \\$aBritish Library not licensed to copy$c0$e01-jan-2014$hC$iCFP Excluded$5Uk
=CAT  \\$aCONV$b00$c20040425$lBLL90$h0822
=CAT  \\$aBATCH-CLA$b00$c20120531$lBLL01$h1716
=CAT  \\$aIPL-CLA$c20120629$lBLL01$h0957
=CAT  \\$aBATCH-CLA$b00$c20120831$lBLL01$h1542
=CAT  \\$aIPL-CLA$c20120930$lBLL01$h2016
=CAT  \\$aBATCH-CLA$b00$c20121104$lBLL01$h1022
=CAT  \\$aWR12_128$c20121113$lBLL01$h1837
=CAT  \\$aBATCH-CLA$b00$c20121130$lBLL01$h1237
=CAT  \\$aIPL-CLA$c20121231$lBLL01$h1248
=CAT  \\$aIPL-CLA$c20130102$lBLL01$h1651
=CAT  \\$aBATCH-CLA$b00$c20130228$lBLL01$h1706
=CAT  \\$aWR13.005$c20130323$lBLL01$h1450
=CAT  \\$aIPL-CLA$c20130331$lBLL01$h1044
=CAT  \\$a540_fix$c20130403$lBLL01$h2005
=CAT  \\$aBATCH-CLA$b00$c20130531$lBLL01$h1645
=CAT  \\$aIPL-CLA$c20130701$lBLL01$h0007
=CAT  \\$aBATCH-CLA$b00$c20130830$lBLL01$h1626
=CAT  \\$aIPL-CLA$c20130930$lBLL01$h1723
=CAT  \\$aBATCH-CLA$b00$c20131129$lBLL01$h1653
=CAT  \\$aIPL-CLA$c20131231$lBLL01$h1941
=CAT  \\$a6537$b40$c20140310$lBLL01$h1137
=CAT  \\$aWR14_140$c20140905$lBLL01$h1730
=CAT  \\$aBATCH-CLA$b00$c20200903$lBLL01$h1619
=CAT  \\$aIPL-CLA$c20200930$lBLL01$h1641
=CAT  \\$aBATCH-CLA$b00$c20201126$lBLL01$h1418
=CAT  \\$aIPL-CLA$c20201231$lBLL01$h1943
=CAT  \\$a8874$b40$c20211130$lBLL01$h1405
=CFI  0\$aBritish Library not licensed to copy$c0$e01-jan-2021$hC$iCFP Excluded$5Uk
=CFI  2\$aPrevious Copyright Fee: GBP20.00$c0$e01-oct-2020$fGBP20.00$g0$hC$5Uk
=FIN  \\$aY
=FMT  \\$a  SE
=LAS  \\$a8874$b40$c20211130$lBLL01$h1405
=LEO  \\$aMP10.0000229709
=LEO  \\$aMP22.0000008120
=LEO  \\$aMP5.0000693814
=LEO  \\$aMP13.0002053917
=SRC  \\$aDSS01$bbibmp10.200404.2.aa
=SRC  \\$aISN01$bbibmp22.200404.2.aa
=SRC  \\$aBNB03$bbibmp5.200404.2.ab
=SRC  \\$aHSS01$bbibmp13.200404.2.ad
=TCO  \\$aCLA$bCLA$c008

