=LDR  06727cas a2201369 a 4500
=001  008884319
=003  Uk
=005  20230210004715.0
=007  ta
=008  770119c19479999xxuar\p\\\\\\\0\\\a0eng\\
=019  c\$a2138646
=019  0\$as220737002
=022  0\$a0079-9963
=040  \\$aUk$cUk$dUk
=082  04$a591.192705$219
=084  \\$aFA 89$2blsrissc
=210  0\$aRecent prog. horm. res.
=222  \0$aRecent progress in hormone research
=245  00$aRecent progress in hormone research.
=246  03$aProceedings of the Laurentian Hormone Conference
=260  \\$aNew York ;$aLondon :$bAcademic Press,$c1947-
=300  \\$c24 cm.
=310  \\$aAnnual
=336  \\$atext$2rdacontent
=337  \\$aunmediated$2rdamedia
=338  \\$avolume$2rdacarrier
=500  \\$aConsists of proceedings of the 1945-1993 Laurentian Hormone Conference.
=540  \\$aCurrent Copyright Fee: GBP34.00$c0$5Uk
=650  \0$aHormones$vPeriodicals.
=711  2\$aLaurentian Hormone Conference$d(1945-1993)
=852  41$aBritish Library$bDSC$j7305.000000$3Vol. 1 (1947)-v. 59 (2004)***UKRR Retained Title
=852  71$aBritish Library$bSTI$k(P)$hFA 89$m-E(9)$2blsrissc$31947-1995; Vol.1-50.
=945  \\$aRECENT PROGRESS IN HORMONE RESEARCH.
=959  \\$fHeld but not currently received
=963  \\$aCA/U63 1947- *A=1$bY
=964  \\$aVOL. 1, 1947- *A=1$c61$dO$eTL0335
=985  \\$aISSN is responsibility of United States ISSN Centre, although title is published in UK (ISSN UK Centre, 9/5/07)
=A02  \\$a2138646
=ACF  \\$aPrevious Copyright Fee: GBP21.00$c0$e01-apr-2012$fGBP21.00$g0$hC$5Uk
=ACF  \\$aPrevious Copyright Fee: GBP21.00$c0$e01-jan-2012$fGBP21.00$g0$hC$5Uk
=ACF  \\$aPrevious Copyright Fee: GBP20.00$c0$e01-oct-2011$fGBP20.00$g0$hC$5Uk
=ACF  \\$aPrevious Copyright Fee: GBP20.00$c0$e01-jul-2011$fGBP20.00$g0$hC$5Uk
=ACF  \\$aPrevious Copyright Fee: GBP20.00$c0$e01-apr-2011$fGBP20.00$g0$hC$5Uk
=ACF  \\$aPrevious Copyright Fee: GBP20.00$c0$e01-jan-2011$fGBP20.00$g0$hC$5Uk
=ACF  \\$aPrevious Copyright Fee: GBP20.00$c0$e01-oct-2010$fGBP20.00$g0$hC$5Uk
=ACF  \\$aPrevious Copyright Fee: GBP20.00$c0$e01-jul-2010$fGBP20.00$g0$hC$5Uk
=ACF  \\$aPrevious Copyright Fee: GBP20.00$c0$e01-apr-2010$fGBP20.00$g0$hC$5Uk
=ACF  \\$aPrevious Copyright Fee: GBP20.00$c0$e01-Jan-2010$fGBP20.00$g0$hC$5Uk
=ACF  \\$aPrevious Copyright Fee: GBP20.00$c0$e01-oct-2009$fGBP20.00$g0$hC$5Uk
=ACF  \\$aPrevious Copyright Fee: GBP20.00$c0$e01-jul-2009$fGBP20.00$g0$hC$5Uk
=ACF  \\$aPrevious Copyright Fee: GBP20.00$c0$e01-apr-2009$fGBP20.00$g0$hC$5Uk
=ACF  \\$aPrevious Copyright Fee: GBP20.00$c0$e01-jan-2009$fGBP20.00$g0$hC$5Uk
=ACF  \\$aPrevious Copyright Fee: GBP8.00$c0$e01-oct-2008$fGBP8.00$g0$hC$5Uk
=ACF  \\$aPrevious Copyright Fee: GBP8.00$c0$e01-jul-2008$fGBP8.00$g0$hC$5Uk
=ACF  \\$aPrevious Copyright Fee: GBP8.00$c0$e01-apr-2008$fGBP8.00$g0$hC$5Uk
=ACF  \\$aPrevious Copyright Fee: GBP5.20$c0$e01-jan-2008$fGBP5.20$g0$hC$5Uk
=ACF  \\$aPrevious Copyright Fee: GBP5.20$c0$e01-oct-2007$fGBP5.20$g0$hC$5Uk
=ACF  \\$aPrevious Copyright Fee: GBP5.20$c0$e01-jul-2007$fGBP5.20$g0$hC$5Uk
=ACF  \\$aPrevious Copyright Fee: GBP5.33$c0$e01-apr-2007$fGBP5.33$g0$hC$5Uk
=ACF  \\$aPrevious Copyright Fee: GBP5.62$c0$e01-jan-2007$fGBP5.62$g0$hC$5Uk
=ACF  \\$aPrevious Copyright Fee: GBP5.62$c0$e01-oct-2006$fGBP5.62$g0$hC$5Uk
=ACF  \\$aPrevious Copyright Fee: GBP5.94$c0$e01-jul-2006$fGBP5.94$g0$hC$5Uk
=ACF  \\$aPrevious Copyright Fee: GBP18.00$c0$e01-apr-2006$fGBP18.00$g0$hC$5Uk
=ACF  \\$aPrevious Copyright Fee: GBP18.00$c0$e01-jan-2006$fGBP18.00$g0$hC$5Uk
=ACF  \\$aPrevious Copyright Fee: GBP18.00$c0$e01-oct-2005$fGBP18.00$g0$hC$5Uk
=ACF  \\$aPrevious Copyright Fee: GBP18.00$c0$e01-jul-2005$fGBP18.00$g0$hC$5Uk
=ACF  \\$aPrevious Copyright Fee: GBP18.00$c0$e01-apr-2005$fGBP18.00$g0$hC$5Uk
=ACF  \\$aPrevious Copyright Fee: GBP18.00$c0$e01-jan-2005$fGBP18.00$g0$hC$5Uk
=ACF  \\$aPrevious Copyright Fee: GBP20.00$c0$e01-oct-2004$fGBP20.00$g0$hC$5Uk
=ACF  \\$aPrevious copyright fee: GBP20.00$c0$e01-apr-2004$fGBP20.00$g0$hC$5Uk
=ACF  \\$aCurrent copyright fee: GBP20.59$c0$e01-jan-2004$fGBP20.59$g0$hC$5Uk
=ACF  \\$aCurrent copyright fee: GBP21.88$c0$e01-jan-2003$fGBP21.88$g0$hC$5Uk
=ACF  \\$aPrevious Copyright Fee: GBP21.00$c0$e01-jul-2012$fGBP21.00$g0$hC$5Uk
=ACF  \\$aPrevious Copyright Fee: GBP21.00$c0$e01-oct-2012$fGBP21.00$g0$hC$5Uk
=ACF  \\$aPrevious Copyright Fee: GBP22.50$c0$e01-jan-2016$fGBP22.50$g0$hC$5Uk
=ACF  \\$aPrevious Copyright Fee: GBP23.40$c0$e01-jan-2018$fGBP23.40$g0$hC$5Uk
=ACF  \\$aPrevious Copyright Fee: GBP34.00$c0$e01-apr-2021$fGBP34.00$g0$hC$5Uk
=CAT  \\$aCONV$b00$c20040425$lBLL90$h0853
=CAT  \\$aIPL-CLA$c20110331$lBLL01$h1434
=CAT  \\$aBATCH-CLA$b00$c20110531$lBLL01$h1628
=CAT  \\$aIPL-CLA$c20110630$lBLL01$h1515
=CAT  \\$aBATCH-CLA$b00$c20110831$lBLL01$h1757
=CAT  \\$aIPL-CLA$c20110930$lBLL01$h1514
=CAT  \\$aBATCH-CLA$b00$c20111130$lBLL01$h1158
=CAT  \\$aIPL-CLA$c20111230$lBLL01$h1741
=CAT  \\$aBATCH-CLA$b00$c20120229$lBLL01$h1611
=CAT  \\$aIPL-CLA$c20120330$lBLL01$h1401
=CAT  \\$aBATCH-CLA$b00$c20120531$lBLL01$h1708
=CAT  \\$aBATCH-UPD$b00$c20120614$lBLL01$h2143
=CAT  \\$aIPL-CLA$c20120629$lBLL01$h0957
=CAT  \\$aBATCH-CLA$b00$c20120831$lBLL01$h1542
=CAT  \\$aIPL-CLA$c20120930$lBLL01$h2016
=CAT  \\$aBATCH-CLA$b00$c20121104$lBLL01$h1021
=CAT  \\$aWR12_168$c20121206$lBLL01$h1810
=CAT  \\$aWR13.005$c20130323$lBLL01$h1514
=CAT  \\$aBATCH-CLA$b00$c20151127$lBLL01$h1629
=CAT  \\$aIPL-CLA$c20151231$lBLL01$h1908
=CAT  \\$aBATCH-CLA$b00$c20171130$lBLL01$h1706
=CAT  \\$aIPL-CLA$c20171231$lBLL01$h1420
=CAT  \\$aBATCH-CLA$b00$c20210227$lBLL01$h1009
=CAT  \\$aIPL-CLA$c20210331$lBLL01$h1835
=CAT  \\$aBATCH-CLA$b00$c20221130$lBLL01$h1433
=CAT  \\$aIPL-CLA$c20221231$lBLL01$h1859
=CAT  \\$aBATCH-CLA$b00$c20230209$lBLL01$h1520
=CAT  \\$aIPL-CLA$c20230210$lBLL01$h0047
=CFI  0\$aCurrent Copyright Fee: GBP34.00$c0$e09-feb-2023$fGBP34.00$g0$hC$5Uk
=CFI  2\$aBritish Library not licensed to copy$c0$e01-jan-2023$hC$iCFP Excluded$5Uk
=FIN  \\$aY
=FMT  \\$a  SE
=LAS  \\$aIPL-CLA$b00$c20230210$lBLL01$h0047
=LEO  \\$aMP10.0000482094
=LEO  \\$aMP22.0000003007
=LEO  \\$aMP25.0000083987
=SRC  \\$aDSS01$bbibmp10.200404.2.aa
=SRC  \\$aISN01$bbibmp22.200404.2.aa
=SRC  \\$aSRI01$bbibmp25.200404.2.aa
=TCO  \\$aTRS$bCCC$c008

