=LDR  07035 as a2201441 a 4500
=001  008886467
=003  Uk
=005  20200331160520.0
=007  ta
=008  771001d19651984enkmr\p\\\\\\\0\\\a0eng\\
=019  0\$as223903019
=019  x\$a1992940282
=019  x\$a1690170107
=022  0\$a0022-5460
=030  \\$aJZOOAE
=040  \\$aUk$cUk
=082  04$a590.5$222
=084  \\$aEP 00$2blsrissc
=210  0\$aJ. zool.$b(1965)
=222  \0$aJournal of zoology$b(1965)
=245  00$aJournal of zoology.
=260  \\$aLondon :$bAcademic Press,$c1965-1984.
=300  \\$av. ;$c26 cm.
=336  \\$atext$2rdacontent
=337  \\$aunmediated$2rdamedia
=338  \\$avolume$2rdacarrier
=500  \\$aTo vol.204, 1984, consists of the proceedings of the Society; from vol.211, 1987, incorporates the proceedings and transactions of the Society.
=540  \\$aCurrent copyright fee: GBP39.00$c35\0$5Uk
=580  \\$aSplits into: Journal of zoology. Series A, and: Journal of zoology. Series B.
=595  \\$aFor DSC stock see sys 010193077.
=650  \0$aZoology$vPeriodicals.
=710  2\$aZoological Society of London.
=780  00$tProceedings of the Zoological Society of London$x0370-2774
=785  06$tJournal of zoology. Series A$x0269-364X
=785  06$tJournal of zoology. Series B$x0268-196X
=852  4\$aBritish Library$bDSC$3See shelfmark 5072.790000 for vol. 146, 1965- 204, 1984
=852  41$aBritish Library$bHMNTS$jAc.3585/2.$3Vol. 146, no. 1 (Sept. 1965)-v. 153, pt. 4 (Dec. 1967)
=852  71$aBritish Library$bSTI$k(P)$hEP 00$m-E(6)$2blsrissc$3Vol. 146 (1965)-v. 204 (1984)
=856  \\$31850-9999$uhttp://onlinelibrary.wiley.com$xBLDSS
=968  \\$bX
=985  \\$aRecord merged by DQ team
=985  \\$aISSN responsibility held by United States ISSN Centre - 10.4.07
=ACF  \\$aPrevious Copyright Fee: GBP22.60$c0$e01-apr-2012$fGBP22.60$g0$hC$5Uk
=ACF  \\$aPrevious Copyright Fee: GBP22.60$c0$e01-jan-2012$fGBP22.60$g0$hC$5Uk
=ACF  \\$aPrevious Copyright Fee: GBP22.60$c0$e01-oct-2011$fGBP22.60$g0$hC$5Uk
=ACF  \\$aPrevious Copyright Fee: GBP22.60$c0$e01-jul-2011$fGBP22.60$g0$hC$5Uk
=ACF  \\$aPrevious Copyright Fee: GBP22.60$c0$e01-apr-2011$fGBP22.60$g0$hC$5Uk
=ACF  \\$aPrevious Copyright Fee: GBP17.00$c0$e01-jan-2011$fGBP17.00$g0$hC$5Uk
=ACF  \\$aPrevious Copyright Fee: GBP17.00$c0$e01-oct-2010$fGBP17.00$g0$hC$5Uk
=ACF  \\$aPrevious Copyright Fee: GBP17.00$c0$e01-jul-2010$fGBP17.00$g0$hC$5Uk
=ACF  \\$aPrevious Copyright Fee: GBP17.00$c0$e01-apr-2010$fGBP17.00$g0$hC$5Uk
=ACF  \\$aPrevious Copyright Fee: GBP17.00$c0$e01-Jan-2010$fGBP17.00$g0$hC$5Uk
=ACF  \\$aPrevious Copyright Fee: GBP17.00$c0$e01-oct-2009$fGBP17.00$g0$hC$5Uk
=ACF  \\$aPrevious Copyright Fee: GBP6.00$c0$e01-jul-2009$fGBP6.00$g0$hC$5Uk
=ACF  \\$aPrevious Copyright Fee: GBP6.00$c0$e01-apr-2009$fGBP6.00$g0$hC$5Uk
=ACF  \\$aPrevious Copyright Fee: GBP6.00$c0$e01-jan-2009$fGBP6.00$g0$hC$5Uk
=ACF  \\$aPrevious Copyright Fee: GBP5.00$c0$e01-oct-2008$fGBP5.00$g0$hC$5Uk
=ACF  \\$aPrevious Copyright Fee: GBP6.00$c0$e01-jul-2008$fGBP6.00$g0$hC$5Uk
=ACF  \\$aPrevious Copyright Fee: GBP6.00$c0$e01-apr-2008$fGBP6.00$g0$hC$5Uk
=ACF  \\$aPrevious Copyright Fee: GBP6.00$c0$e01-jan-2008$fGBP6.00$g0$hC$5Uk
=ACF  \\$aPrevious Copyright Fee: GBP5.00$c0$e01-oct-2007$fGBP5.00$g0$hC$5Uk
=ACF  \\$aPrevious Copyright Fee: GBP5.00$c0$e01-jul-2007$fGBP5.00$g0$hC$5Uk
=ACF  \\$aPrevious Copyright Fee: GBP5.00$c0$e01-apr-2007$fGBP5.00$g0$hC$5Uk
=ACF  \\$aPrevious Copyright Fee: GBP5.00$c0$e01-jan-2007$fGBP5.00$g0$hC$5Uk
=ACF  \\$aPrevious Copyright Fee: GBP5.00$c0$e01-oct-2006$fGBP5.00$g0$hC$5Uk
=ACF  \\$aPrevious Copyright Fee: GBP5.00$c0$e01-jul-2006$fGBP5.00$g0$hC$5Uk
=ACF  \\$aPrevious Copyright Fee: GBP5.00$c0$e01-apr-2006$fGBP5.00$g0$hC$5Uk
=ACF  \\$aPrevious Copyright Fee: GBP5.00$c0$e01-jan-2006$fGBP5.00$g0$hC$5Uk
=ACF  \\$aPrevious Copyright Fee: GBP5.00$c0$e01-oct-2005$fGBP5.00$g0$hC$5Uk
=ACF  \\$aPrevious Copyright Fee: GBP5.00$c0$e01-jul-2005$fGBP5.00$g0$hC$5Uk
=ACF  \\$aPrevious Copyright Fee: GBP5.00$c0$e01-apr-2005$fGBP5.00$g0$hC$5Uk
=ACF  \\$aPrevious Copyright Fee: GBP5.00$c0$e01-jan-2005$fGBP5.00$g0$hC$5Uk
=ACF  \\$aPrevious Copyright Fee: GBP5.00$c0$e01-oct-2004$fGBP5.00$g0$hC$5Uk
=ACF  \\$aPrevious Copyright Fee: GBP22.60$c0$e01-jul-2012$fGBP22.60$g0$hC$5Uk
=ACF  \\$aPrevious Copyright Fee: GBP22.60$c0$e01-oct-2012$fGBP22.60$g0$hC$5Uk
=ACF  \\$aPrevious Copyright Fee: GBP12.00$c0$e01-jan-2013$fGBP12.00$g0$hC$5Uk
=ACF  \\$aPrevious Copyright Fee: GBP22.00$c0$e01-apr-2014$fGBP22.00$g0$hC$5Uk
=ACF  \\$aPrevious Copyright Fee: GBP22.60$c0$e01-jan-2014$fGBP22.60$g0$hC$5Uk
=ACF  \\$aPrevious Copyright Fee: GBP24.00$c10\0$e21-may-2015$fGBP24.00$g0$hP$5Uk
=ACF  \\$aPrevious Copyright Fee: GBP24.00$c35\0$e07-mar-2017$fGBP24.00$g0$hP$5Uk
=CAT  \\$aCONV$b00$c20040425$lBLL90$h0853
=CAT  \\$aBATCH-CLA$b00$c20120531$lBLL01$h1658
=CAT  \\$aIPL-CLA$c20120629$lBLL01$h0957
=CAT  \\$aBATCH-CLA$b00$c20120831$lBLL01$h1539
=CAT  \\$aIPL-CLA$c20120930$lBLL01$h2016
=CAT  \\$aBATCH-CLA$b00$c20121104$lBLL01$h1021
=CAT  \\$aBATCH-CLA$b00$c20121130$lBLL01$h1242
=CAT  \\$aIPL-CLA$c20121231$lBLL01$h1248
=CAT  \\$aIPL-CLA$c20130102$lBLL01$h1651
=CAT  \\$aBATCH-CLA$b00$c20131129$lBLL01$h1635
=CAT  \\$aIPL-CLA$c20131231$lBLL01$h1942
=CAT  \\$aBATCH-CLA$b00$c20140228$lBLL01$h1610
=CAT  \\$aIPL-CLA$c20140331$lBLL01$h1618
=CAT  \\$a8874$b40$c20140804$lBLL01$h1249
=CAT  \\$a5552$b40$c20150521$lBLL01$h1224
=CAT  \\$aBLDSS-3PM$b00$c20150611$lBLL01$h1743
=CAT  \\$aBATCH-UPD$b00$c20160413$lBLL01$h1804
=CAT  \\$aW1703-0316$c20170306$lBLL01$h1822
=CAT  \\$aW1703-0316$c20170307$lBLL01$h1645
=CAT  \\$aIPL-CLA$c20170307$lBLL01$h1823
=CAT  \\$aBATCH-UPD$b00$c20180219$lBLL01$h1740
=CAT  \\$aBATCH-UPD$b00$c20181121$lBLL01$h1618
=CAT  \\$aIPL-CLA$c20181231$lBLL01$h1534
=CAT  \\$aBATCH-UPD$b00$c20200219$lBLL01$h1539
=CAT  \\$a5552$b40$c20200227$lBLL01$h1142
=CAT  \\$aIPL-CLA$c20200331$lBLL01$h1605
=CFI  0\$aCurrent copyright fee: GBP39.00$c35\0$e01-apr-2020$fGBP39.00$g0$hP$5Uk
=CFI  2\$aPrevious copyright fee: GBP28.00$c35\0$e01-jan-2019$fGBP28.00$g0$hP$5Uk
=FFP  \\$aY$bBLDSS-3PM
=FIN  \\$aY
=FMT  \\$a  SE
=LAS  \\$aIPL-CLA$b00$c20200331$lBLL01$h1605
=LEO  \\$aMP1.0002384509.1
=LEO  \\$aMP22.0000001223
=LEO  \\$aMP25.0000086388
=LEO  \\$aMP1.0002018664
=LKR  \\$aPAR$b007872869$lBLL01$r78000$mJournal of zoology (1965)$nProceedings - Zoological Society of London.
=SRC  \\$aBLS01$bbibmp1.200404.2.ac
=SRC  \\$aISN01$bbibmp22.200404.2.aa
=SRC  \\$aSRI01$bbibmp25.200404.2.aa
=TCO  \\$aCLA$bCLA$c008
=TOC  \\$aETOC
=UNO  \\$aY

