=LDR  06864cas a2201417 a 4500
=001  008895018
=003  Uk
=005  20221231143532.0
=007  ta
=008  771001d19701976xxuqr\p\\\\\\\0\\\a0eng\\
=019  0\$as242523005
=019  c\$a2074869
=022  0\$a0016-7991
=030  \\$aGFDYAK
=040  \\$aUk$cUk$dUk
=082  00$a551
=084  \\$aOK 00$2blsrissc
=084  \\$aOW 31$2blsrissc
=210  0\$aGeophys. fluid dyn.$b(Print)
=222  \0$aGeophysical fluid dynamics$b(Print)
=245  00$aGeophysical fluid dynamics.
=260  \\$aNew York ;$aLondon :$bGordon and Breach,$c1970-1976.
=300  \\$a7 v. :$bill. ;$c23 cm.
=310  \\$aQuarterly
=336  \\$atext$2rdacontent
=337  \\$aunmediated$2rdamedia
=338  \\$avolume$2rdacarrier
=362  0\$av. 1-7; April 1970-Nov. 1976.
=540  \\$aCurrent copyright fee: GBP43.00$c2\0$5Uk
=595  \\$aCONTD AS 4148.6 CHANGE BETWEEN VOL. 7(3/4), 1976 AND 8(2), 1977.
=650  \0$aGeophysics$vPeriodicals.
=650  \0$aFluid dynamics$vPeriodicals.
=776  0\$tGeophysical and astrophysical fluid dynamics$c(Online)$x1029-0419
=785  00$tGeophysical and astrophysical fluid dynamics$x0309-1929
=852  41$aBritish Library$bDSC$j4150.400000$3Vol. 1 (1970)-v. 7 (1975/76)***UKRR Retained Title
=852  71$aBritish Library$bSTI$k(P)$hOK 00$m-E(1)$2blsrissc$31970-1976; Vol.1-7.
=856  \\$31850-9999$uhttp://www.tandfonline.com/$xBLDSS
=945  \\$aGeophysical fluid dynamics.
=959  \\$fHeld but not currently received
=963  \\$aVOL. 1, 1970- 7, 1976 *A=1$bY$cP345.C.28
=985  \\$aRecord merged by DQ team
=985  \\$aISSN responsibility held by United States ISSN Centre - 17/2/2012
=ACF  \\$aPrevious Copyright Fee: GBP13.00$c0$e01-apr-2012$fGBP13.00$g0$hC$5Uk
=ACF  \\$aPrevious Copyright Fee: GBP13.00$c0$e01-jan-2012$fGBP13.00$g0$hC$5Uk
=ACF  \\$aPrevious Copyright Fee: GBP13.00$c0$e01-oct-2011$fGBP13.00$g0$hC$5Uk
=ACF  \\$aPrevious Copyright Fee: GBP13.00$c0$e01-jul-2011$fGBP13.00$g0$hC$5Uk
=ACF  \\$aPrevious Copyright Fee: GBP13.00$c0$e01-apr-2011$fGBP13.00$g0$hC$5Uk
=ACF  \\$aPrevious Copyright Fee: GBP13.00$c0$e01-jan-2011$fGBP13.00$g0$hC$5Uk
=ACF  \\$aPrevious Copyright Fee: GBP13.00$c0$e01-oct-2010$fGBP13.00$g0$hC$5Uk
=ACF  \\$aPrevious Copyright Fee: GBP13.00$c0$e01-jul-2010$fGBP13.00$g0$hC$5Uk
=ACF  \\$aPrevious Copyright Fee: GBP13.00$c0$e01-apr-2010$fGBP13.00$g0$hC$5Uk
=ACF  \\$aPrevious Copyright Fee: GBP13.00$c0$e01-Jan-2010$fGBP13.00$g0$hC$5Uk
=ACF  \\$aPrevious Copyright Fee: GBP13.00$c0$e01-oct-2009$fGBP13.00$g0$hC$5Uk
=ACF  \\$aPrevious Copyright Fee: GBP13.00$c0$e01-jul-2009$fGBP13.00$g0$hC$5Uk
=ACF  \\$aPrevious Copyright Fee: GBP13.00$c0$e01-apr-2009$fGBP13.00$g0$hC$5Uk
=ACF  \\$aPrevious Copyright Fee: GBP11.00$c0$e01-jan-2008$fGBP11.00$g0$hC$5Uk
=ACF  \\$aPrevious Copyright Fee: GBP11.00$c0$e01-oct-2007$fGBP11.00$g0$hC$5Uk
=ACF  \\$aPrevious Copyright Fee: GBP9.50$c0$e01-jul-2007$fGBP9.50$g0$hC$5Uk
=ACF  \\$aPrevious Copyright Fee: GBP9.74$c0$e01-apr-2007$fGBP9.74$g0$hC$5Uk
=ACF  \\$aPrevious Copyright Fee: GBP10.27$c0$e01-jan-2007$fGBP10.27$g0$hC$5Uk
=ACF  \\$aPrevious Copyright Fee: GBP10.27$c0$e01-oct-2006$fGBP10.27$g0$hC$5Uk
=ACF  \\$aPrevious Copyright Fee: GBP10.86$c0$e01-jul-2006$fGBP10.86$g0$hC$5Uk
=ACF  \\$aPrevious Copyright Fee: GBP10.86$c0$e01-apr-2006$fGBP10.86$g0$hC$5Uk
=ACF  \\$aPrevious Copyright Fee: GBP10.56$c0$e01-jan-2006$fGBP10.56$g0$hC$5Uk
=ACF  \\$aPrevious Copyright Fee: GBP10.27$c0$e01-oct-2005$fGBP10.27$g0$hC$5Uk
=ACF  \\$aPrevious Copyright Fee: GBP10.27$c0$e01-jul-2005$fGBP10.27$g0$hC$5Uk
=ACF  \\$aPrevious Copyright Fee: GBP10.27$c0$e01-apr-2005$fGBP10.27$g0$hC$5Uk
=ACF  \\$aPrevious Copyright Fee: GBP10.56$c0$e01-jan-2005$fGBP10.56$g0$hC$5Uk
=ACF  \\$aPrevious Copyright Fee: GBP10.27$c0$e01-oct-2004$fGBP10.27$g0$hC$5Uk
=ACF  \\$aPrevious copyright fee: GBP10.27$c0$e01-apr-2004$fGBP10.27$g0$hC$5Uk
=ACF  \\$aCurrent copyright fee: GBP11.18$c0$e01-jan-2004$fGBP11.18$g0$hC$5Uk
=ACF  \\$aCurrent copyright fee: GBP11.88$c0$e01-apr-2003$fGBP11.88$g0$hC$5Uk
=ACF  \\$aPrevious Copyright Fee: GBP25.00$c0$e01-oct-2012$fGBP25.00$g0$hC$5Uk
=ACF  \\$aPrevious Copyright Fee: GBP25.00$c0$e01-jul-2012$fGBP25.00$g0$hC$5Uk
=ACF  \\$aPrevious copyright fee: GBP30.00$c2\0$e23-jan-2015$fGBP30.00$g0$hP$5Uk
=ACF  \\$aPrevious copyright fee: GBP34.00$c2\0$e01-jan-2016$fGBP34.00$g0$hP$5Uk
=ACF  \\$aPrevious copyright fee: GBP31.00$c2\0$e01-apr-2016$fGBP31.00$g0$hP$5Uk
=ACF  \\$aPrevious copyright fee: GBP33.00$c2\0$e01-jan-2017$fGBP33.00$g0$hP$5Uk
=ACF  \\$aPrevious copyright fee: GBP35.00$c2\0$e01-jan-2018$fGBP35.00$g0$hP$5Uk
=ACF  \\$aPrevious copyright fee: GBP37.00$c2\0$e01-jan-2019$fGBP37.00$g0$hP$5Uk
=ACF  \\$aPrevious copyright fee: GBP39.00$c2\0$e01-jan-2020$fGBP39.00$g0$hP$5Uk
=CAT  \\$aWR09-126
=CAT  \\$aIPL-CLA$c20120629$lBLL01$h0957
=CAT  \\$aBATCH-CLA$b00$c20120831$lBLL01$h1531
=CAT  \\$aIPL-CLA$c20120930$lBLL01$h2017
=CAT  \\$aBATCH-CLA$b00$c20121104$lBLL01$h1021
=CAT  \\$aWR13.005$c20130323$lBLL01$h1516
=CAT  \\$a5552$b40$c20150123$lBLL01$h1411
=CAT  \\$aBLDSS-3PM$b00$c20150215$lBLL01$h1112
=CAT  \\$aBATCH-UPD$b00$c20151119$lBLL01$h1533
=CAT  \\$aIPL-CLA$c20151231$lBLL01$h1908
=CAT  \\$a5552$b40$c20160302$lBLL01$h1054
=CAT  \\$aIPL-CLA$c20160331$lBLL01$h1703
=CAT  \\$aBATCH-UPD$b00$c20160413$lBLL01$h1804
=CAT  \\$aBATCH-UPD$b00$c20161122$lBLL01$h1503
=CAT  \\$aBATCH-UPD$b00$c20161122$lBLL01$h1527
=CAT  \\$aIPL-CLA$c20161230$lBLL01$h1845
=CAT  \\$aBATCH-UPD$b00$c20171121$lBLL01$h1654
=CAT  \\$aIPL-CLA$c20171231$lBLL01$h1420
=CAT  \\$aBATCH-UPD$b00$c20181217$lBLL01$h1643
=CAT  \\$aIPL-CLA$c20181231$lBLL01$h1534
=CAT  \\$aBATCH-UPD$b00$c20191122$lBLL01$h1905
=CAT  \\$aIPL-CLA$c20191231$lBLL01$h1744
=CAT  \\$aBATCH-UPD$b00$c20201118$lBLL01$h1339
=CAT  \\$aIPL-CLA$c20201231$lBLL01$h1520
=CAT  \\$aBATCH-UPD$b00$c20221121$lBLL01$h1338
=CAT  \\$aIPL-CLA$c20221231$lBLL01$h1435
=CFI  0\$aCurrent copyright fee: GBP43.00$c2\0$e01-jan-2023$fGBP43.00$g0$hP$5Uk
=CFI  2\$aPrevious copyright fee: GBP41.00$c2\0$e01-jan-2021$fGBP41.00$g0$hP$5Uk
=FFP  \\$aY$bBLDSS-3PM
=FIN  \\$aY
=FMT  \\$a  SE
=LAS  \\$aIPL-CLA$b00$c20221231$lBLL01$h1435
=LEO  \\$aMP10.0000246658
=LEO  \\$aMP22.0000000821
=LEO  \\$aMP25.0000096241
=SRC  \\$aDSS01$bbibmp10.200404.2.aa
=SRC  \\$aISN01$bbibmp22.200404.2.aa
=SRC  \\$aSRI01$bbibmp25.200404.2.aa
=TCO  \\$aTRS$bCCC$c008
=TOC  \\$aETOC

