=LDR  05804cas a2201333 a 4500
=001  009082514
=003  Uk
=005  20221231143543.0
=007  ta
=008  950515c19959999enkbr\p\\\\\\\0\\\a0eng\\
=015  \\$aGB9538457$2bnb
=019  y\$ab9538457
=019  9\$ab9538457
=019  c\$a2512649
=019  0\$as609095005
=022  0\$a1355-0284
=039  0\$a2337
=040  \\$aUk$cUk$dUk
=082  04$a616.804194$221
=084  \\$aGV 02$2blsrissc
=084  \\$aGT 32$2blsrissc
=084  \\$aDD 18$2blsrissc
=210  0\$aJ. neurovirology
=222  \0$aJournal of neurovirology
=245  00$aJournal of neurovirology.
=260  \\$aBasingstoke :$bStockton,$c1995-
=260  2\$32001-$aPhiladelphia :$bTaylor & Francis
=260  3\$a[London] :$bInforma Healthcare
=300  \\$av. :$bill. ;$c28 cm.
=310  \\$aBimonthly
=336  \\$atext$2rdacontent
=337  \\$aunmediated$2rdamedia
=338  \\$avolume$2rdacarrier
=362  0\$aVol. 1, no. 1 (Mar. 1995)-
=540  \\$aCurrent copyright fee: GBP34.95$c22\1$5Uk
=650  \0$aNeurovirology$vPeriodicals.
=650  \0$aNervous system$xDiseases$vPeriodicals.
=650  \0$aVirus Diseases$vPeriodicals.
=776  0\$tJournal of neurovirology (Online)$x1538-2443
=852  41$aBritish Library$bDSC$j5022.285000$3Vol. 1 (1995)-v. 12, no. 6 (2006)
=852  71$aBritish Library$bSTI$k(P)$hGV 02$m-E(1)$2blsrissc$3Vol. 1 (1995)- Vol. 17, No. 1 (2011)
=856  \\$31850-9999$uhttp://www.springer.com/gb/$xBLDSS
=945  \\$aJOURNAL OF NEUROVIROLOGY
=959  \\$fHeld but not currently received
=963  \\$aCA/M-7 VOL. 1, 1995- *A=1$bN
=985  \\$aISSN responsibility for ISSN transferred to ISSN Germany from ISSN UK Centre, 18.02.2011
=A02  \\$a2512649
=ACF  \\$aPrevious copyright fee: GBP29.00$c45\0$e10-nov-2009$fGBP29.00$g0$hP$5Uk
=ACF  \\$aCurrent copyright fee: GBP20.00$c2\0$e01-jan-2009$fGBP20.00$g0$hP$5Uk
=ACF  \\$aPrevious copyright fee: GBP19.00$c2\0$e01-apr-2008$fGBP19.00$g0$hP$5Uk
=ACF  \\$aPrevious Copyright Fee: GBP20.00$c2\0$e01-jan-2007$fGBP20.00$g0$hP$5Uk
=ACF  \\$aPrevious Copyright Fee: GBP18.00$c0$e01-jan-2005$fGBP18.00$g0$hC$5Uk
=ACF  \\$aPrevious copyright fee: GBP15.00$c0$e01-jan-2004$fGBP15.00$g0$hC$5Uk
=ACF  \\$aCurrent copyright fee: GBP15.63$c0$e01-jan-2003$fGBP15.63$g0$hC$5Uk
=ACF  \\$aCurrent copyright fee: GBP9.68$c0$e01-oct-2002$fGBP9.68$g0$hC$5Uk
=ACF  \\$aPrevious copyright fee: GBP22.00$c22\1$e08-mar-2011$fGBP22.00$g0$hP$5Uk
=ACF  \\$aPrevious copyright fee: GBP22.00$c22\1$e12-aug-2012$fGBP22.00$g0$hP$5Uk
=ACF  \\$aPrevious copyright fee: GBP25.00$c22\1$e01-jan-2013$fGBP25.00$g0$hP$5Uk
=ACF  \\$aPrevious copyright fee: GBP25.77$c22\1$e01-jul-2013$fGBP25.77$g0$hP$5Uk
=ACF  \\$aPrevious copyright fee: GBP24.97$c22\1$e01-jan-2014$fGBP24.97$g0$hP$5Uk
=ACF  \\$aPrevious copyright fee: GBP24.21$c22\1$e01-jul-2014$fGBP24.21$g0$hP$5Uk
=ACF  \\$aPrevious copyright fee: GBP25.77$c22\1$e01-apr-2015$fGBP25.77$g0$hP$5Uk
=ACF  \\$aPrevious copyright fee: GBP26.63$c22\1$e01-jul-2015$fGBP26.63$g0$hP$5Uk
=ACF  \\$aPrevious copyright fee: GBP25.77$c22\1$e01-oct-2015$fGBP25.77$g0$hP$5Uk
=ACF  \\$aPrevious copyright fee: GBP27.55$c22\1$e01-apr-2016$fGBP27.55$g0$hP$5Uk
=ACF  \\$aPrevious copyright fee: GBP29.59$c22\1$e01-oct-2016$fGBP29.59$g0$hP$5Uk
=ACF  \\$aPrevious copyright fee: GBP31.96$c22\1$e01-apr-2017$fGBP31.96$g0$hP$5Uk
=ACF  \\$aPrevious copyright fee: GBP30.73$c22\1$e01-oct-2017$fGBP30.73$g0$hP$5Uk
=ACF  \\$aPrevious copyright fee: GBP28.54$c22\1$e01-apr-2018$fGBP28.54$g0$hP$5Uk
=ACF  \\$aPrevious copyright fee: GBP34.00$c22\1$e01-jul-2018$fGBP34.00$g0$hP$5Uk
=CAT  \\$aWR09-126
=CAT  \\$aBATCH-UPD$b00$c20150219$lBLL01$h1734
=CAT  \\$aIPL-CLA$c20150331$lBLL01$h1619
=CAT  \\$aBATCH-UPD$b00$c20150520$lBLL01$h1743
=CAT  \\$aIPL-CLA$c20150630$lBLL01$h1634
=CAT  \\$aBATCH-UPD$b00$c20150820$lBLL01$h1830
=CAT  \\$aIPL-CLA$c20150930$lBLL01$h1747
=CAT  \\$aBATCH-UPD$b00$c20160217$lBLL01$h1719
=CAT  \\$aIPL-CLA$c20160331$lBLL01$h1704
=CAT  \\$aBATCH-UPD$b00$c20160413$lBLL01$h1805
=CAT  \\$aBATCH-UPD$b00$c20160524$lBLL01$h2207
=CAT  \\$aBATCH-UPD$b00$c20160524$lBLL01$h2353
=CAT  \\$aBATCH-UPD$b00$c20160824$lBLL01$h1748
=CAT  \\$aIPL-CLA$c20160930$lBLL01$h1547
=CAT  \\$aBATCH-UPD$b00$c20170216$lBLL01$h1835
=CAT  \\$aIPL-CLA$c20170331$lBLL01$h1830
=CAT  \\$aBATCH-UPD$b00$c20170904$lBLL01$h1843
=CAT  \\$aIPL-CLA$c20170929$lBLL01$h1713
=CAT  \\$aBATCH-UPD$b00$c20180223$lBLL01$h1702
=CAT  \\$aIPL-CLA$c20180331$lBLL01$h1601
=CAT  \\$aBATCH-UPD$b00$c20180524$lBLL01$h1707
=CAT  \\$aIPL-CLA$c20180630$lBLL01$h1909
=CAT  \\$a5552$b40$c20210819$lBLL01$h0904
=CAT  \\$aIPL-CLA$c20210930$lBLL01$h1526
=CAT  \\$aBATCH-UPD$b00$c20221121$lBLL01$h1410
=CAT  \\$aIPL-CLA$c20221231$lBLL01$h1435
=CFI  0\$aCurrent copyright fee: GBP34.95$c22\1$e01-jan-2023$fGBP34.95$g0$hP$5Uk
=CFI  2\$aPrevious copyright fee: GBP43.00$c22\1$e01-oct-2021$fGBP43.00$g0$hP$5Uk
=FFP  \\$aY$bBLDSS-3PM
=FIN  \\$aY
=FMT  \\$a  SE
=LAS  \\$aIPL-CLA$b00$c20221231$lBLL01$h1435
=LEO  \\$aMP5.0000828062
=LEO  \\$aMP10.0000323962
=LEO  \\$aMP22.0000044278
=LEO  \\$aMP25.0000300261
=LKR  \\$aPAR$b013357692$lBLL01$r776$mJournal of neurovirology (Print)$nJournal of neurovirology (Online)
=SRC  \\$aBNB03$bbibmp5.200404.2.ab
=SRC  \\$aDSS01$bbibmp10.200404.2.aa
=SRC  \\$aISN01$bbibmp22.200404.2.aa
=SRC  \\$aSRI01$bbibmp25.200404.2.aa
=TCO  \\$aCLA$bCLA$c008
=TOC  \\$aETOC
=UNO  \\$aY

