=LDR  05670cas a2201285 a 4500
=001  009082969
=003  Uk
=005  20221231143543.0
=006  aab\\|||||||||||||
=007  ta
=008  950808c19929999enkqr\p\\\\\\\0\\\a0eng\\
=015  \\$aGB9559617$2bnb
=019  y\$ab9559617
=019  9\$ab9559617
=019  c\$a2491976
=019  0\$as610705008
=022  0\$a0964-7058
=039  0\$a2348
=040  \\$aUk$cUk$dUk
=041  0\$aeng$bjpn$bchi$bmay
=082  04$a613.2$221
=082  04$a615.854$220
=084  \\$aHN 35$2blsrissc
=210  0\$aAsia Pac. j. clin. nutr.
=222  \0$aAsia Pacific journal of clinical nutrition
=245  00$aAsia Pacific journal of clinical nutrition.
=260  \\$aLondon (No.1, 16 Gunter Grove, London, SW10 0UJ) :$bSmith-Gordon,$c1992-.
=260  3\$aMcKinnon (Victoria) :$bHEC Press$32003-
=300  \\$av. :$bill., maps ;$c30cm.
=310  \\$aQuarterly
=336  \\$atext$2rdacontent
=337  \\$aunmediated$2rdamedia
=338  \\$avolume$2rdacarrier
=362  0\$aVol.1, issue 1 (Jan 1992)-
=500  \\$aJournal of the Asia Pacific Clinical Nutrition Society and other bodies.
=500  \\$aDescription based on: Vol.3, issue 1 (Mar. 1994)
=540  \\$aCurrent Copyright Fee: GBP25.00$c0$5Uk
=546  \\$aPapers in English, some with summaries in Japanese, Chinese or Malay.
=653  1\$aHumans$aTherapy$aDiet
=710  2\$aAsia Pacific Clinical Nutrition Society.
=776  08$iAlso issued online as:$tAsia Pacific journal of clinical nutrition$x1440-6047
=852  41$aBritish Library$bDSC$j1742.260680$3Vol. 2, no. 2 (1993)-v. 31 (2022)
=852  71$aBritish Library$bSTI$k(P)$hHN 35$m-E(7)$2blsrissc$3Volume 3, Number 1 (1994), Volume 4, Number 3 (1994/1995)-Volume 5, Number 1 (1996), Volume 6, Part 1 (1997)-v. 18, no. 3 (2009)
=945  \\$aASIA PACIFIC JOURNAL OF CLINICAL NUTRITION.
=957  \\$aCR
=959  \\$fHeld but not currently received
=985  \\$aISSN responsibility taken by ISSN Australia, September 16 2014.
=985  \\$aRecord merged by SUNCAT team
=985  \\$aUpgraded by BSS-generated file for WR2011-1473
=ACF  \\$aPrevious Copyright Fee: GBP2.86$c0$e01-jul-2009$fGBP2.86$g0$hC$5Uk
=ACF  \\$aPrevious Copyright Fee: GBP2.86$c0$e01-apr-2009$fGBP2.86$g0$hC$5Uk
=ACF  \\$aPrevious Copyright Fee: GBP2.50$c0$e01-jan-2009$fGBP2.50$g0$hC$5Uk
=ACF  \\$aPrevious Copyright Fee: GBP2.00$c0$e01-oct-2008$fGBP2.00$g0$hC$5Uk
=ACF  \\$aPrevious Copyright Fee: GBP2.00$c0$e01-jul-2008$fGBP2.00$g0$hC$5Uk
=ACF  \\$aPrevious Copyright Fee: GBP2.00$c0$e01-apr-2008$fGBP2.00$g0$hC$5Uk
=ACF  \\$aPrevious Copyright Fee: GBP2.00$c0$e01-jan-2008$fGBP2.00$g0$hC$5Uk
=ACF  \\$aPrevious Copyright Fee: GBP2.00$c0$e01-oct-2007$fGBP2.00$g0$hC$5Uk
=ACF  \\$aPrevious Copyright Fee: GBP2.00$c0$e01-jul-2007$fGBP2.00$g0$hC$5Uk
=ACF  \\$aPrevious Copyright Fee: GBP16.11$c0$e01-jan-2005$fGBP16.11$g0$hC$5Uk
=ACF  \\$aPrevious Copyright Fee: GBP15.68$c0$e01-oct-2004$fGBP15.68$g0$hC$5Uk
=ACF  \\$aPrevious copyright fee: GBP11.89$c0$e01-apr-2004$fGBP11.89$g0$hC$5Uk
=ACF  \\$aCurrent copyright fee: GBP12.94$c0$e01-jan-2004$fGBP12.94$g0$hC$5Uk
=ACF  \\$aCurrent copyright fee: GBP13.75$c0$e01-oct-2003$fGBP13.75$g0$hC$5Uk
=ACF  \\$aPrevious copyright fee: GBP10.50$c0$e01-jan-2011$fGBP10.50$g0$hA$5Uk
=ACF  \\$aPrevious copyright fee: GBP12.00$c0$e01-jan-2012$fGBP12.00$g0$hA$5Uk
=ACF  \\$aPrevious Copyright Fee: GBP12.30$c0$e01-jan-2014$fGBP12.30$g0$hA$5Uk
=ACF  \\$aPrevious Copyright Fee: GBP15.00$c0$e01-jan-2017$fGBP15.00$g0$hA$5Uk
=ACF  \\$aPrevious Copyright Fee: GBP17.50$c0$e01-jan-2018$fGBP17.50$g0$hA$5Uk
=ACF  \\$aPrevious Copyright Fee: GBP20.00$c0$e01-jan-2020$fGBP20.00$g0$hA$5Uk
=CAT  \\$aWR09-126
=CAT  \\$aIPL-CLA$c20111230$lBLL01$h1742
=CAT  \\$aBATCH-CLA$b00$c20121104$lBLL01$h1019
=CAT  \\$aWR12_168$c20121206$lBLL01$h1810
=CAT  \\$aWR13.005$c20130329$lBLL01$h1244
=CAT  \\$aBATCH-CLA$c20131217$lBLL01$h1743
=CAT  \\$aIPL-CLA$c20131231$lBLL01$h1945
=CAT  \\$a11316$b40$c20140730$lBLL01$h1241
=CAT  \\$aWR14_140$c20140905$lBLL01$h1731
=CAT  \\$a11313$b40$c20140911$lBLL01$h1147
=CAT  \\$a11313$b40$c20140911$lBLL01$h1407
=CAT  \\$a11313$b40$c20140916$lBLL01$h0854
=CAT  \\$a11313$b40$c20140917$lBLL01$h1332
=CAT  \\$aBATCH-CLA$b00$c20161222$lBLL01$h1712
=CAT  \\$aIPL-CLA$c20161230$lBLL01$h1847
=CAT  \\$aBATCH-CLA$b00$c20171222$lBLL01$h2010
=CAT  \\$aIPL-CLA$c20171231$lBLL01$h1422
=CAT  \\$aBATCH-CLA$b00$c20191219$lBLL01$h1637
=CAT  \\$aIPL-CLA$c20191231$lBLL01$h1746
=CAT  \\$aR2001-1524$c20200127$lBLL01$h1932
=CAT  \\$aW2011-1473$b00$c20201124$lBLL01$h1833
=CAT  \\$aBATCH-CLA$b00$c20201204$lBLL01$h1433
=CAT  \\$aIPL-CLA$c20201231$lBLL01$h1520
=CAT  \\$a6558$b40$c20221212$lBLL01$h0920
=CAT  \\$aBATCH-CLA$b00$c20221221$lBLL01$h1739
=CAT  \\$aIPL-CLA$c20221231$lBLL01$h1435
=CFI  0\$aCurrent Copyright Fee: GBP25.00$c0$e01-jan-2023$fGBP25.00$g0$hA$5Uk
=CFI  2\$aPrevious Copyright Fee: GBP22.50$c0$e01-jan-2021$fGBP22.50$g0$hA$5Uk
=FIN  \\$aY
=FMT  \\$a  SE
=LAS  \\$aIPL-CLA$b00$c20221231$lBLL01$h1435
=LEO  \\$aMP25.0000301850
=LEO  \\$aMP5.0000829395
=LEO  \\$aMP10.0000078302
=LEO  \\$aMP22.0000036726
=SRC  \\$aSRI01$bbibmp25.200404.2.aa
=SRC  \\$aBNB03$bbibmp5.200404.2.ab
=SRC  \\$aDSS01$bbibmp10.200404.2.aa
=SRC  \\$aISN01$bbibmp22.200404.2.aa
=TCO  \\$aCLA$bCLA$c008
=TOC  \\$aETOC

