=LDR  05795cas a2201345 a 4500
=001  009083278
=003  Uk
=005  20221231143543.0
=007  ta
=008  950911c19959999gw\uu\p\\\\\\\0\\\a0eng\\
=015  \\$aGB9568657$2bnb
=019  c\$a2516819
=019  y\$ab9568657
=019  9\$ab9568657
=019  c\$a2516815
=019  0\$as611722003
=022  0\$a1354-2516
=039  0\$a2353
=040  \\$aUk$cUk$dUk
=082  04$a573.812$221
=084  \\$aFC 951$2blsrissc
=210  0\$aInvertebr. neurosci.
=222  \0$aInvertebrate neuroscience
=245  00$aInvertebrate neuroscience :$bIN.
=246  30$aIN
=260  \\$a[Sheffield] :$bSheffield Academic,$c1995-
=260  3\$aBerlin :$bSpringer
=300  \\$av. :$bill. (some col.) ;$c28 cm.
=310  \\$aQuarterly
=336  \\$atext$2rdacontent
=337  \\$aunmediated$2rdamedia
=338  \\$avolume$2rdacarrier
=362  0\$aVol. 1, no. 1 (June 1995)-
=540  \\$aCurrent copyright fee: GBP34.95$c22\1$5Uk
=597  \\$aEnhanced$bSRIS DDC
=650  \0$aInvertebrates$xNervous system$vPeriodicals.
=650  \0$aInvertebrates$xResearch$vPeriodicals.
=776  0\$tInvertebrate neuroscience (Online)$x1439-1104
=852  41$aBritish Library$bDSC$j4557.703530$3Vol. 1, no. 1 (1995)-v. 10, no. 2 (2010)***UKRR Retained Title
=852  71$aBritish Library$bSTI$k(P)$hFC 951$m-E(1)$2blsrissc$3Vol. 1 (1995)-vol. 3, no. 4 (1998), vol. 7, no. 1 (2007)-vol. 7, no. 4 (2007)
=856  \\$31850-9999$uhttp://www.springer.com/gb/$xBLDSS
=945  \\$aINVERTEBRATE NEUROSCIENCE
=957  \\$aCR
=959  \\$fHeld but not currently received
=963  \\$aVOL. 1, 1995- 3, 1998 *A=1$bN$cL379.B.495
=985  \\$aResponsibility for ISSN transferred to German ISSN Centre from ISSN UK Centre, 30.10.07
=985  \\$aRecord merged by DQ team
=A02  \\$a2516815
=ACF  \\$aPrevious copyright fee: GBP16.67$c22\3$e01-jan-2006$fGBP16.67$g0$hP$5Uk
=ACF  \\$aPrevious copyright fee: GBP16.22$c22\3$e01-apr-2005$fGBP16.22$g0$hP$5Uk
=ACF  \\$aPrevious copyright fee: GBP16.67$c22\3$e01-jan-2005$fGBP16.67$g0$hP$5Uk
=ACF  \\$aPrevious copyright fee: GBP18.92$c22\3$e01-apr-2004$fGBP18.92$g0$hP$5Uk
=ACF  \\$aCurrent copyright fee: GBP20.58$c22\3$e01-jan-2004$fGBP20.58$g0$hP$5Uk
=ACF  \\$aCurrent copyright fee: GBP20.00$c22\3$e01-jan-2003$fGBP20.00$g0$hP$5Uk
=ACF  \\$aPrevious copyright fee: GBP17.14$c22\3$e01-apr-2006$fGBP17.14$g0$hP$5Uk
=ACF  \\$aPrevious copyright fee: GBP22.00$c22\3$e12-aug-2012$fGBP22.00$g0$hP$5Uk
=ACF  \\$aPrevious copyright fee: GBP25.00$c22\3$e01-jan-2013$fGBP25.00$g0$hP$5Uk
=ACF  \\$aPrevious copyright fee: GBP25.77$c22\3$e01-jul-2013$fGBP25.77$g0$hP$5Uk
=ACF  \\$aPrevious copyright fee: GBP24.97$c22\3$e01-jan-2014$fGBP24.97$g0$hP$5Uk
=ACF  \\$aPrevious copyright fee: GBP24.21$c22\3$e01-jul-2014$fGBP24.21$g0$hP$5Uk
=ACF  \\$aPrevious copyright fee: GBP25.77$c22\3$e01-apr-2015$fGBP25.77$g0$hP$5Uk
=ACF  \\$aPrevious copyright fee: GBP26.63$c22\3$e01-jul-2015$fGBP26.63$g0$hP$5Uk
=ACF  \\$aPrevious copyright fee: GBP25.77$c22\3$e01-oct-2015$fGBP25.77$g0$hP$5Uk
=ACF  \\$aPrevious copyright fee: GBP27.55$c22\3$e01-apr-2016$fGBP27.55$g0$hP$5Uk
=ACF  \\$aPrevious copyright fee: GBP29.59$c22\3$e01-oct-2016$fGBP29.59$g0$hP$5Uk
=ACF  \\$aPrevious copyright fee: GBP31.96$c22\3$e01-apr-2017$fGBP31.96$g0$hP$5Uk
=ACF  \\$aPrevious copyright fee: GBP30.73$c22\3$e01-oct-2017$fGBP30.73$g0$hP$5Uk
=ACF  \\$aPrevious copyright fee: GBP28.54$c22\3$e01-apr-2018$fGBP28.54$g0$hP$5Uk
=ACF  \\$aPrevious copyright fee: GBP34.00$c22\1$e01-jul-2018$fGBP34.00$g0$hP$5Uk
=CAT  \\$aWR09-126
=CAT  \\$aBATCH-UPD$b00$c20150219$lBLL01$h1741
=CAT  \\$aIPL-CLA$c20150331$lBLL01$h1619
=CAT  \\$aBATCH-UPD$b00$c20150520$lBLL01$h1749
=CAT  \\$aIPL-CLA$c20150630$lBLL01$h1634
=CAT  \\$aBATCH-UPD$b00$c20150820$lBLL01$h1836
=CAT  \\$aIPL-CLA$c20150930$lBLL01$h1747
=CAT  \\$aBATCH-UPD$b00$c20160217$lBLL01$h1726
=CAT  \\$aIPL-CLA$c20160331$lBLL01$h1704
=CAT  \\$aBATCH-UPD$b00$c20160413$lBLL01$h1805
=CAT  \\$aBATCH-UPD$b00$c20160524$lBLL01$h2207
=CAT  \\$aBATCH-UPD$b00$c20160524$lBLL01$h2353
=CAT  \\$aBATCH-UPD$b00$c20160824$lBLL01$h1754
=CAT  \\$aIPL-CLA$c20160930$lBLL01$h1547
=CAT  \\$aBATCH-UPD$b00$c20170216$lBLL01$h1842
=CAT  \\$aIPL-CLA$c20170331$lBLL01$h1830
=CAT  \\$aBATCH-UPD$b00$c20170904$lBLL01$h1850
=CAT  \\$aIPL-CLA$c20170929$lBLL01$h1713
=CAT  \\$aBATCH-UPD$b00$c20180223$lBLL01$h1717
=CAT  \\$aIPL-CLA$c20180331$lBLL01$h1601
=CAT  \\$aBATCH-UPD$b00$c20180524$lBLL01$h1713
=CAT  \\$aIPL-CLA$c20180630$lBLL01$h1909
=CAT  \\$a5552$b40$c20210813$lBLL01$h1242
=CAT  \\$aIPL-CLA$c20210930$lBLL01$h1526
=CAT  \\$aBATCH-UPD$b00$c20221121$lBLL01$h1410
=CAT  \\$aIPL-CLA$c20221231$lBLL01$h1435
=CFI  0\$aCurrent copyright fee: GBP34.95$c22\1$e01-jan-2023$fGBP34.95$g0$hP$5Uk
=CFI  2\$aPrevious copyright fee: GBP43.00$c22\1$e01-oct-2021$fGBP43.00$g0$hP$5Uk
=EST  \\$a2
=FFP  \\$aY$bBLDSS-3PM
=FIN  \\$aY
=FMT  \\$a  SE
=LAS  \\$aIPL-CLA$b00$c20221231$lBLL01$h1435
=LEO  \\$aMP10.0000279171
=LEO  \\$aMP5.0000830070
=LEO  \\$aMP10.0000301233
=LEO  \\$aMP22.0000043768
=LEO  \\$aMP25.0000302948
=LKR  \\$aPAR$b013089693$lBLL01$r776$mInvertebrate neuroscience (Print)$nInvertebrate neuroscience (Online)
=SRC  \\$aBNB03$bbibmp5.200404.2.ab
=SRC  \\$aDSS01$bbibmp10.200404.2.aa
=SRC  \\$aISN01$bbibmp22.200404.2.aa
=SRC  \\$aSRI01$bbibmp25.200404.2.aa
=TCO  \\$aDEU$bVG WORT$c008
=TOC  \\$aETOC
=UNO  \\$aY

