=LDR  05764cas a2201297 a 4500
=001  009084371
=003  Uk
=005  20221231143545.0
=007  ta
=008  960311c19959999enkqr\p\\\\\\\0\\\a0eng\\
=015  \\$aGB9618449$2bnb
=019  y\$ab9618449
=019  9\$ab9618449
=019  c\$a2516127
=019  0\$as615305008
=022  0\$a1361-4568
=039  0\$a2381
=040  \\$aUk$beng$cUk$dUk
=042  \\$aukblsr
=082  04$a005.75$220
=084  \\$aPM 557$2blsrissc
=210  0\$aNew rev. hypermedia multimed.
=222  \0$aNew review of hypermedia and multimedia
=245  04$aThe new review of hypermedia and multimedia :$bapplications and research.
=246  13$aNRHM
=260  \\$aLondon :$bTaylor Graham,$c1995-
=264  31$aAbingdon :$bTaylor & Francis
=300  \\$av. :$bill. ;$c23 cm.
=310  \\$aQuarterly
=321  \\$aAnnual
=336  \\$atext$2rdacontent
=337  \\$aunmediated$2rdamedia
=338  \\$avolume$2rdacarrier
=362  0\$aVol. 1 (1995)-
=540  \\$aCurrent copyright fee: GBP43.00$c2\0$5Uk
=588  \\$aLatest issue consulted: volume 20, number 2 (2014).
=595  \\$aFORMERLY 4352.6282 UP TO VOL. 6, 1994.
=650  \0$aMultimedia systems$vPeriodicals.
=650  \0$aInteractive multimedia$vPeriodicals.
=776  0\$tNew review of hypermedia and multimedia (Online)$x1740-7842
=780  00$tHypermedia (London, England)$x0955-8543
=852  41$aBritish Library$bDSC$j6087.764530$3Vol. 1 (1995)-v. 15, no. 3 (2009)***UKRR Retained Title
=852  71$aBritish Library$bSTI$k(P)$hPM 557$m-E(13)$2blsrissc$3Vol. 1 (1995)- v. 21, no. 3/4 (2015)***title now taken as electronic copy only
=856  \\$31850-9999$uhttp://www.tandfonline.com/$xBLDSS
=945  \\$aNEW REVIEW OF HYPERMEDIA AND MULTIMEDIA.
=959  \\$fHeld but not currently received
=963  \\$aVOL. 1, 1995- *A=1$bN$cL876.C.504
=985  \\$aISSN responsibility taken by US ISSN Center, 11.09.2014.
=ACF  \\$aPrevious copyright fee: GBP21.00$c2\0$e01-jan-2010$fGBP21.00$g0$hP$5Uk
=ACF  \\$aPrevious copyright fee: GBP20.00$c2\0$e01-jan-2009$fGBP20.00$g0$hP$5Uk
=ACF  \\$aPrevious copyright fee: GBP19.00$c2\0$e01-apr-2008$fGBP19.00$g0$hP$5Uk
=ACF  \\$aPrevious copyright fee: GBP20.00$c2\0$e01-jan-2007$fGBP20.00$g0$hP$5Uk
=ACF  \\$aPrevious copyright fee: GBP18.00$c2\0$e01-jan-2005$fGBP18.00$g0$hP$5Uk
=ACF  \\$aPrevious copyright fee: GBP15.00$c2\0$e26-mar-2004$fGBP15.00$g0$hP$5Uk
=ACF  \\$aCurrent copyright fee: GBP11.00$c2\0$e23-mar-2004$fGBP11.00$g0$hP$5Uk
=ACF  \\$aBritish Library not licensed to copy$c0$e24-may-2002$g0$hC$iCLA-excluded$5Uk
=ACF  \\$aPrevious copyright fee: GBP25.00$c2\0$e01-jan-2011$fGBP25.00$g0$hP$5Uk
=ACF  \\$aPrevious copyright fee: GBP27.00$c2\0$e01-jan-2012$fGBP27.00$g0$hP$5Uk
=ACF  \\$aPrevious copyright fee: GBP27.50$c2\0$e01-jan-2013$fGBP27.50$g0$hP$5Uk
=ACF  \\$aPrevious copyright fee: GBP28.00$c2\0$e01-jan-2014$fGBP28.00$g0$hP$5Uk
=ACF  \\$aPrevious copyright fee: GBP30.00$c2\0$e01-jan-2015$fGBP30.00$g0$hP$5Uk
=ACF  \\$aPrevious copyright fee: GBP34.00$c2\0$e01-jan-2016$fGBP34.00$g0$hP$5Uk
=ACF  \\$aPrevious copyright fee: GBP31.00$c2\0$e01-apr-2016$fGBP31.00$g0$hP$5Uk
=ACF  \\$aPrevious copyright fee: GBP33.00$c2\0$e01-jan-2017$fGBP33.00$g0$hP$5Uk
=ACF  \\$aPrevious copyright fee: GBP35.00$c2\0$e01-jan-2018$fGBP35.00$g0$hP$5Uk
=ACF  \\$aPrevious copyright fee: GBP37.00$c2\0$e01-jan-2019$fGBP37.00$g0$hP$5Uk
=ACF  \\$aPrevious copyright fee: GBP39.00$c2\0$e01-jan-2020$fGBP39.00$g0$hP$5Uk
=CAT  \\$aWR09-126
=CAT  \\$aBATCH-CLA$c20140225$lBLL01$h2314
=CAT  \\$aWR14_140$c20140905$lBLL01$h1732
=CAT  \\$a11205$b40$c20140909$lBLL01$h1540
=CAT  \\$a11313$b40$c20140911$lBLL01$h0900
=CAT  \\$aBATCH-UPD$b40$c20141124$lBLL01$h1751
=CAT  \\$aBLDSS-3PM$b00$c20141130$lBLL01$h1245
=CAT  \\$aIPL-CLA$c20141231$lBLL01$h1643
=CAT  \\$aBATCH-UPD$b00$c20151119$lBLL01$h1533
=CAT  \\$aIPL-CLA$c20151231$lBLL01$h1909
=CAT  \\$a5552$b40$c20160303$lBLL01$h1244
=CAT  \\$aIPL-CLA$c20160331$lBLL01$h1704
=CAT  \\$aBATCH-UPD$b00$c20160413$lBLL01$h1805
=CAT  \\$aBATCH-UPD$b00$c20160722$lBLL01$h1606
=CAT  \\$aBATCH-UPD$b00$c20161122$lBLL01$h1503
=CAT  \\$aIPL-CLA$c20161230$lBLL01$h1847
=CAT  \\$aBATCH-UPD$b00$c20171121$lBLL01$h1654
=CAT  \\$aIPL-CLA$c20171231$lBLL01$h1423
=CAT  \\$aBATCH-UPD$b00$c20181217$lBLL01$h1643
=CAT  \\$aIPL-CLA$c20181231$lBLL01$h1534
=CAT  \\$aBATCH-UPD$b00$c20191122$lBLL01$h1905
=CAT  \\$aIPL-CLA$c20191231$lBLL01$h1746
=CAT  \\$aBATCH-UPD$b00$c20201118$lBLL01$h1339
=CAT  \\$aIPL-CLA$c20201231$lBLL01$h1520
=CAT  \\$aBATCH-UPD$b00$c20221121$lBLL01$h1338
=CAT  \\$aIPL-CLA$c20221231$lBLL01$h1435
=CFI  0\$aCurrent copyright fee: GBP43.00$c2\0$e01-jan-2023$fGBP43.00$g0$hP$5Uk
=CFI  2\$aPrevious copyright fee: GBP41.00$c2\0$e01-jan-2021$fGBP41.00$g0$hP$5Uk
=FFP  \\$aY$bBLDSS-3PM
=FIN  \\$aY
=FMT  \\$a  SE
=LAS  \\$aIPL-CLA$b00$c20221231$lBLL01$h1435
=LEO  \\$aMP5.0000833536
=LEO  \\$aMP10.0000398609
=LEO  \\$aMP22.0000048929
=LEO  \\$aMP25.0000306467
=LKR  \\$aPAR$b011825403$lBLL01$r78000$mNew review of hypermedia and multimedia$nHypermedia (London, England)
=LKR  \\$aPAR$b013357596$lBLL01$r776$mNew review of hypermedia and multimedia$nNew review of hypermedia and multimedia (Online)
=SRC  \\$aBNB03$bbibmp5.200404.2.ab
=SRC  \\$aDSS01$bbibmp10.200404.2.aa
=SRC  \\$aISN01$bbibmp22.200404.2.aa
=SRC  \\$aSRI01$bbibmp25.200404.2.aa
=TCO  \\$aCLA$bCLA$c008
=TOC  \\$aETOC

