=LDR  06198cas a2201405 a 4500
=001  009084974
=003  Uk
=005  20230210004759.0
=007  ta
=008  960813c19969999enkar\\\\\r\\\0\\\a0eng\\
=015  \\$aGB9642328$2bnb
=016  \\$a009084974
=019  y\$ab9642328
=019  9\$ab9642328
=019  c\$a2526428
=019  0\$as597910014
=022  \\$a1363-7045
=039  0\$a2392
=040  \\$aUk$beng$cUk$dUk
=042  \\$aukblsr
=082  04$a337.142025$221
=084  \\$aAA 602$2blsrissc
=210  0\$aEur. Union encycl. dir.
=222  \0$aEuropean Union encyclopedia and directory
=245  04$aThe European Union encyclopedia and directory.
=260  \\$aLondon :$bEuropa,$c1996-
=264  31$32005-$aAbingdon :$bRoutledge
=300  \\$av. ;$c29 cm.
=310  \\$aAnnual
=336  \\$atext$2rdacontent
=337  \\$aunmediated$2rdamedia
=338  \\$avolume$2rdacarrier
=362  0\$a1996-
=490  0\$aThe Europa Publications EU information series
=540  \\$aCurrent Copyright Fee: GBP18.02$c0$5Uk
=588  \\$aLatest issue consulted: 16th edition (2016).
=595  \\$aFORMERLY 3829.629225 UP TO ED. 1, 1992.
=597  \\$aEnhanced$bSRIS DDC
=610  20$aEuropean Union$vDirectories.
=610  20$aEuropean Union$vEncyclopedias.
=653  1\$aEconomic conditions
=653  1\$aWestern Europe
=690  7\$aManagement and Business Studies$2blcoll
=780  00$tEuropean communities encyclopedia and directory$x0962-1032
=852  41$aBritish Library$bHMNTS$cSPHOA$jZD.9.b.2592$3earlier issues
=852  11$aBritish Library$bSTI$cBIPC$k(B) DIR$h337.142$mBusiness$31996- ; Ed.2, 1996-***Current issue
=852  11$aBritish Library$bHMNTS$cSPHOA$kOPL$h337.142025$3Edition 14 (2014)***current issue only
=852  41$aBritish Library$bDSC$j3830.351368$3Edition 2 (1996)-Edition 9 (2009)
=852  71$aBritish Library$bSTI$cRES$k(XP)$hAA 602$m-E(8)$2blsrissc$31996- ; Ed.2, 1996-***Earlier issues
=945  \\$aEUROPEAN UNION ENCYCLOPEDIA AND DIRECTORY
=957  \\$aCR
=959  \\$fHeld but not currently received
=968  \\$bx
=985  \\$aISSN note: responsibility for ISSN transferred from UK ISSN Centre to US ISSN Center, 17.01.14
=A02  \\$a2526428
=ACF  \\$aPrevious Copyright Fee: GBP18.02$c0$e01-apr-2012$fGBP18.02$g0$hC$5Uk
=ACF  \\$aPrevious Copyright Fee: GBP18.02$c0$e01-jan-2012$fGBP18.02$g0$hC$5Uk
=ACF  \\$aPrevious Copyright Fee: GBP18.02$c0$e01-oct-2011$fGBP18.02$g0$hC$5Uk
=ACF  \\$aPrevious Copyright Fee: GBP18.02$c0$e01-jul-2011$fGBP18.02$g0$hC$5Uk
=ACF  \\$aPrevious Copyright Fee: GBP18.02$c0$e01-apr-2011$fGBP18.02$g0$hC$5Uk
=ACF  \\$aPrevious Copyright Fee: GBP18.02$c0$e01-jan-2011$fGBP18.02$g0$hC$5Uk
=ACF  \\$aPrevious Copyright Fee: GBP18.02$c0$e01-oct-2010$fGBP18.02$g0$hC$5Uk
=ACF  \\$aPrevious Copyright Fee: GBP18.02$c0$e01-jul-2010$fGBP18.02$g0$hC$5Uk
=ACF  \\$aPrevious Copyright Fee: GBP18.02$c0$e01-apr-2010$fGBP18.02$g0$hC$5Uk
=ACF  \\$aPrevious Copyright Fee: GBP5.00$c0$e01-Jan-2010$fGBP5.00$g0$hC$5Uk
=ACF  \\$aPrevious Copyright Fee: GBP5.00$c0$e01-oct-2009$fGBP5.00$g0$hC$5Uk
=ACF  \\$aPrevious Copyright Fee: GBP5.00$c0$e01-jul-2009$fGBP5.00$g0$hC$5Uk
=ACF  \\$aPrevious Copyright Fee: GBP5.00$c0$e01-apr-2009$fGBP5.00$g0$hC$5Uk
=ACF  \\$aPrevious Copyright Fee: GBP5.00$c0$e01-jan-2009$fGBP5.00$g0$hC$5Uk
=ACF  \\$aPrevious Copyright Fee: GBP13.00$c0$e01-oct-2008$fGBP13.00$g0$hC$5Uk
=ACF  \\$aPrevious Copyright Fee: GBP5.00$c0$e01-jul-2008$fGBP5.00$g0$hC$5Uk
=ACF  \\$aPrevious Copyright Fee: GBP5.00$c0$e01-apr-2008$fGBP5.00$g0$hC$5Uk
=ACF  \\$aPrevious Copyright Fee: GBP5.00$c0$e01-jan-2008$fGBP5.00$g0$hC$5Uk
=ACF  \\$aPrevious Copyright Fee: GBP5.00$c0$e01-oct-2007$fGBP5.00$g0$hC$5Uk
=ACF  \\$aPrevious copyright fee: GBP5.00$c0$e01-jul-2002$fGBP5.00$g0$hC$5Uk
=ACF  \\$aCurrent copyright fee: GBP2.50$c0$e13-jun-2000$fGBP2.50$g0$hC$5Uk
=ACF  \\$aCurrent copyright fee: GBP5.00$c0$e03-sep-1998$fGBP5.00$g0$hC$5Uk
=ACF  \\$aPrevious Copyright Fee: GBP18.02$c0$e01-jul-2012$fGBP18.02$g0$hC$5Uk
=ACF  \\$aPrevious Copyright Fee: GBP18.02$c0$e01-oct-2012$fGBP18.02$g0$hC$5Uk
=CAT  \\$aWR09-126
=CAT  \\$aBATCH-CLA$b00$c20110531$lBLL01$h1632
=CAT  \\$aIPL-CLA$c20110630$lBLL01$h1516
=CAT  \\$aBATCH-CLA$b00$c20110831$lBLL01$h1754
=CAT  \\$aIPL-CLA$c20110930$lBLL01$h1516
=CAT  \\$aBATCH-CLA$b00$c20111130$lBLL01$h1158
=CAT  \\$aIPL-CLA$c20111230$lBLL01$h1743
=CAT  \\$aBATCH-CLA$b00$c20120229$lBLL01$h1617
=CAT  \\$aIPL-CLA$c20120330$lBLL01$h1402
=CAT  \\$aBATCH-CLA$b00$c20120531$lBLL01$h1708
=CAT  \\$aIPL-CLA$c20120629$lBLL01$h0958
=CAT  \\$aBATCH-CLA$b00$c20120831$lBLL01$h1535
=CAT  \\$aIPL-CLA$c20120930$lBLL01$h2018
=CAT  \\$aBATCH-CLA$b00$c20121104$lBLL01$h1019
=CAT  \\$aWR13.005$c20130329$lBLL01$h1245
=CAT  \\$a6550$b40$c20131111$lBLL01$h1158
=CAT  \\$a11205$b40$c20140116$lBLL01$h1127
=CAT  \\$a11315$b40$c20140117$lBLL01$h0833
=CAT  \\$aWR14_140$c20140905$lBLL01$h1732
=CAT  \\$a8323$b40$c20160429$lBLL01$h1435
=CAT  \\$aWR16_021$c20160609$lBLL01$h1951
=CAT  \\$aBATCH-016$c20160905$lBLL01$h1705
=CAT  \\$aBATCH-CLA$b00$c20221130$lBLL01$h1435
=CAT  \\$aIPL-CLA$c20221231$lBLL01$h1902
=CAT  \\$aBATCH-CLA$b00$c20230209$lBLL01$h1523
=CAT  \\$aIPL-CLA$c20230210$lBLL01$h0047
=CFI  0\$aCurrent Copyright Fee: GBP18.02$c0$e09-feb-2023$fGBP18.02$g0$hC$5Uk
=CFI  2\$aBritish Library not licensed to copy$c0$e01-jan-2023$hC$iCFP Excluded$5Uk
=FIN  \\$aY
=FMT  \\$a  SE
=LAS  \\$aIPL-CLA$b00$c20230210$lBLL01$h0047
=LEO  \\$aMP5.0000835212
=LEO  \\$aMP10.0000220209
=LEO  \\$aMP22.0000050697
=LEO  \\$aMP25.0000288964
=SRC  \\$aBNB03$bbibmp5.200404.2.ab
=SRC  \\$aDSS01$bbibmp10.200404.2.aa
=SRC  \\$aISN01$bbibmp22.200404.2.aa
=SRC  \\$aSRI01$bbibmp25.200404.2.aa
=SSD  \\$a50300{dollar}aContinuation of "The European Communities encyclopedia and directory", q.v
=TCO  \\$aCLA$bCLA$c008

