=LDR  07125cas a2201381 a 4500
=001  009085167
=003  Uk
=005  20221231190225.0
=006  aa\\\|||||||||||||
=008  960614c19959999enkmr|p|||\\\\0\\\|0eng\\
=015  \\$aGB9650541$2bnb
=019  y\$ab9650541
=019  9\$ab9650541
=019  0\$as001260103
=022  0\$a1364-2804
=039  0\$a2396
=040  \\$aUk$cUk
=082  04$a530$221
=084  \\$aPQ 00$2blsrissc
=084  \\$aKX 70$2blsrissc
=222  \0$aPhilosophical magazine. A. Physics of condensed matter. Structure, defects and mechanical properties$b(Print)
=245  00$aPhilosophical magazine.$pA. Physics of condensed matter. Structure, defects and mechanical properties.
=260  \\$aLondon :$bTaylor & Francis,$c1995-
=300  \\$av. :$bill. ;$c25cm.
=310  \\$aMonthly
=336  \\$atext$2rdacontent
=337  \\$aunmediated$2rdamedia
=338  \\$avolume$2rdacarrier
=362  0\$aVol.72, no.1 (July 1995)-
=540  \\$aCurrent copyright fee: GBP46.00$c2\0$5Uk
=580  \\$aContinues: Philosophical magazine. A. Physics of condensed matter. Defects and mechanical properties.
=597  \\$aEnhanced$bSRIS DDC
=650  \0$aCondensed matter$xPeriodicals.
=650  \0$aSolid state physics$xPeriodicals.
=653  1\$aCondensed matter
=730  0\$aPhilosophical magazine. A. Physics of condensed matter. Defects and mechanical properties,$x0141-8610.
=852  71$aBritish Library$bSTI$k(P)$hPQ 00$m-E(80)$2blsrissc$31995-2002; Vol.72-82.
=856  \\$31850-9999$uhttp://www.tandfonline.com/$xBLDSS
=886  2\$2blmarc$a029$b00$as00126009x
=945  \\$aPHILOSOPHICAL MAGAZINE A.
=957  \\$aCR
=968  \\$bx
=979  \\$aBritish Library$bDSC$j6462.060000
=985  \\$aISSN responsibility in process of transfer to ISSN US Centre- title changes being reviewed -10.3.08
=ACF  \\$aPrevious Copyright Fee: GBP18.02$c0$e01-apr-2012$fGBP18.02$g0$hC$5Uk
=ACF  \\$aPrevious Copyright Fee: GBP18.02$c0$e01-jan-2012$fGBP18.02$g0$hC$5Uk
=ACF  \\$aPrevious Copyright Fee: GBP18.02$c0$e01-oct-2011$fGBP18.02$g0$hC$5Uk
=ACF  \\$aPrevious Copyright Fee: GBP18.02$c0$e01-jul-2011$fGBP18.02$g0$hC$5Uk
=ACF  \\$aPrevious Copyright Fee: GBP18.02$c0$e01-apr-2011$fGBP18.02$g0$hC$5Uk
=ACF  \\$aPrevious Copyright Fee: GBP18.02$c0$e01-jan-2011$fGBP18.02$g0$hC$5Uk
=ACF  \\$aPrevious Copyright Fee: GBP18.02$c0$e01-oct-2010$fGBP18.02$g0$hC$5Uk
=ACF  \\$aPrevious Copyright Fee: GBP18.02$c0$e01-jul-2010$fGBP18.02$g0$hC$5Uk
=ACF  \\$aPrevious Copyright Fee: GBP18.02$c0$e01-apr-2010$fGBP18.02$g0$hC$5Uk
=ACF  \\$aPrevious Copyright Fee: GBP15.00$c0$e01-Jan-2010$fGBP15.00$g0$hC$5Uk
=ACF  \\$aPrevious Copyright Fee: GBP15.00$c0$e01-oct-2009$fGBP15.00$g0$hC$5Uk
=ACF  \\$aPrevious Copyright Fee: GBP15.00$c0$e01-jul-2009$fGBP15.00$g0$hC$5Uk
=ACF  \\$aPrevious Copyright Fee: GBP15.00$c0$e01-apr-2009$fGBP15.00$g0$hC$5Uk
=ACF  \\$aPrevious Copyright Fee: GBP15.00$c0$e01-jan-2009$fGBP15.00$g0$hC$5Uk
=ACF  \\$aPrevious Copyright Fee: GBP15.00$c0$e01-oct-2008$fGBP15.00$g0$hC$5Uk
=ACF  \\$aPrevious Copyright Fee: GBP15.00$c0$e01-jul-2008$fGBP15.00$g0$hC$5Uk
=ACF  \\$aPrevious Copyright Fee: GBP15.00$c0$e01-apr-2008$fGBP15.00$g0$hC$5Uk
=ACF  \\$aPrevious Copyright Fee: GBP15.00$c0$e01-jan-2008$fGBP15.00$g0$hC$5Uk
=ACF  \\$aPrevious Copyright Fee: GBP15.00$c0$e01-oct-2007$fGBP15.00$g0$hC$5Uk
=ACF  \\$aPrevious Copyright Fee: GBP15.00$c0$e01-jul-2007$fGBP15.00$g0$hC$5Uk
=ACF  \\$aPrevious Copyright Fee: GBP15.00$c0$e01-apr-2007$fGBP15.00$g0$hC$5Uk
=ACF  \\$aPrevious Copyright Fee: GBP15.00$c0$e01-jan-2007$fGBP15.00$g0$hC$5Uk
=ACF  \\$aPrevious Copyright Fee: GBP15.00$c0$e01-oct-2006$fGBP15.00$g0$hC$5Uk
=ACF  \\$aPrevious Copyright Fee: GBP15.00$c0$e01-jul-2006$fGBP15.00$g0$hC$5Uk
=ACF  \\$aPrevious Copyright Fee: GBP15.00$c0$e01-apr-2006$fGBP15.00$g0$hC$5Uk
=ACF  \\$aPrevious Copyright Fee: GBP15.00$c0$e01-jan-2006$fGBP15.00$g0$hC$5Uk
=ACF  \\$aPrevious Copyright Fee: GBP15.00$c0$e01-oct-2005$fGBP15.00$g0$hC$5Uk
=ACF  \\$aPrevious Copyright Fee: GBP15.00$c0$e01-jul-2005$fGBP15.00$g0$hC$5Uk
=ACF  \\$aPrevious Copyright Fee: GBP15.00$c0$e01-apr-2005$fGBP15.00$g0$hC$5Uk
=ACF  \\$aPrevious Copyright Fee: GBP15.00$c0$e01-jan-2005$fGBP15.00$g0$hC$5Uk
=ACF  \\$aPrevious Copyright Fee: GBP15.00$c0$e01-oct-2004$fGBP15.00$g0$hC$5Uk
=ACF  \\$aPrevious Copyright Fee: GBP18.02$c0$e01-jul-2012$fGBP18.02$g0$hC$5Uk
=ACF  \\$aPrevious Copyright Fee: GBP18.02$c0$e01-oct-2012$fGBP18.02$g0$hC$5Uk
=ACF  \\$aPrevious copyright fee: GBP38.00$c2\0$e01-jan-2018$fGBP38.00$g0$hP$5Uk
=ACF  \\$aPrevious copyright fee: GBP40.00$c2\0$e01-jan-2019$fGBP40.00$g0$hP$5Uk
=ACF  \\$aPrevious copyright fee: GBP42.00$c2\0$e01-jan-2020$fGBP42.00$g0$hP$5Uk
=CAT  \\$aWR09-126
=CAT  \\$aBATCH-CLA$b00$c20110831$lBLL01$h1808
=CAT  \\$aIPL-CLA$c20110930$lBLL01$h1516
=CAT  \\$aBATCH-CLA$b00$c20111130$lBLL01$h1221
=CAT  \\$aIPL-CLA$c20111230$lBLL01$h1743
=CAT  \\$aBATCH-CLA$b00$c20120229$lBLL01$h1632
=CAT  \\$aIPL-CLA$c20120330$lBLL01$h1402
=CAT  \\$aBATCH-CLA$b00$c20120531$lBLL01$h1723
=CAT  \\$aIPL-CLA$c20120629$lBLL01$h0958
=CAT  \\$aBATCH-CLA$b00$c20120831$lBLL01$h1549
=CAT  \\$aIPL-CLA$c20120930$lBLL01$h2018
=CAT  \\$aBATCH-CLA$b00$c20121104$lBLL01$h1019
=CAT  \\$aWR14_140$c20140905$lBLL01$h1732
=CAT  \\$a5552$b40$c20170309$lBLL01$h1333
=CAT  \\$aBATCH-CLA$b00$c20171221$lBLL01$h1215
=CAT  \\$aIPL-CLA$c20171231$lBLL01$h1423
=CAT  \\$aBLDSS-3PM$b00$c20180108$lBLL01$h1456
=CAT  \\$aBATCH-UPD$b00$c20180108$lBLL01$h1456
=CAT  \\$aBATCH-UPD$b00$c20181217$lBLL01$h1647
=CAT  \\$aIPL-CLA$c20181231$lBLL01$h1534
=CAT  \\$aBATCH-UPD$b00$c20191122$lBLL01$h1909
=CAT  \\$aIPL-CLA$c20191231$lBLL01$h1746
=CAT  \\$aBATCH-UPD$b00$c20201118$lBLL01$h1344
=CAT  \\$aIPL-CLA$c20201231$lBLL01$h1947
=CAT  \\$aBATCH-UPD$b00$c20221121$lBLL01$h1334
=CAT  \\$aIPL-CLA$c20221231$lBLL01$h1902
=CFI  0\$aCurrent copyright fee: GBP46.00$c2\0$e01-jan-2023$fGBP46.00$g0$hP$5Uk
=CFI  2\$aPrevious copyright fee: GBP44.00$c2\0$e01-jan-2021$fGBP44.00$g0$hP$5Uk
=FFP  \\$aY$bBLDSS-3PM
=FIN  \\$aY
=FMT  \\$a  SE
=LAS  \\$aIPL-CLA$b00$c20221231$lBLL01$h1902
=LEO  \\$aMP5.0000835801
=LEO  \\$aMP25.0000000098
=SRC  \\$aBNB03$bbibmp5.200404.2.ab
=SRC  \\$aSRI01$bbibmp25.200404.2.aa
=SSD  \\$a50300{dollar}aContinuation of "Philosophical magazine. A, Physics of condensed matter: defects and mechanical properties", q.v; 50300{dollar}aMerged with: Philosophical magazine. B, Physics of condensed matter: statistical mechanics, electronic, optical and magnetic properties, to become: Philosophical magazine (2003); 74500{dollar}aPhilosophical magazine. B, Physics of condensed matter: statistical mechanics, electronic, optical and magnetic properties{dollar}w1364-2812
=TCO  \\$aCLA$bCLA$c008

