=LDR  08577cas a2201585 a 4500
=001  009085169
=003  Uk
=005  20221231143546.0
=006  aa\\\|||||||||||||
=007  ta
=008  960814d19952002enkm|2p|||\\\||\\\a0eng\\
=015  \\$aGB9650577$2bnb
=019  y\$ab9650577
=019  9\$ab9650577
=019  0\$as00126012x
=022  0\$a1364-2812
=039  0\$a2396
=040  \\$aUk$cUk
=082  04$a530$221
=084  \\$aPQ 00$2blsrissc
=084  \\$aQV 14$2blsrissc
=210  0\$aPhilos. mag., B, Phys. condens. matter, Stat. mech. electron. opt. magn. prop.$b(Print)
=222  \0$aPhilosophical magazine. B. Physics of condensed matter. Statistical mechanics, electronic, optical and magnetic properties$b(Print)
=245  00$aPhilosophical magazine.$pB. Physics of condensed matter. Statistical mechanics, electronic, optical and magnetic properties.
=246  03$aPhysics of condensed matter. Statistical mechanics, electronic, optical and magnetic properties
=260  \\$aLondon :$bTaylor & Francis,$c1995-
=300  \\$av. :$bill. ;$c25cm.
=310  \\$aMonthly
=336  \\$atext$2rdacontent
=337  \\$aunmediated$2rdamedia
=338  \\$avolume$2rdacarrier
=362  0\$aVol.72, no.1 (July 1995)-
=540  \\$aCurrent copyright fee: GBP46.00$c2\0$5Uk
=580  \\$aContinues: Philosophical magazine. B. Physics of condensed matter. Structural, electronic, optical and magnetic properties.
=597  \\$aEnhanced$bSRIS DDC
=650  \0$aCondensed matter$xPeriodicals.
=650  \0$aSolid state physics$xPeriodicals.
=653  1\$aCondensed matter
=730  0\$aPhilosophical magazine. B. Physics of condensed matter. Structural, electronic, optical and magnetic properties,$x0958-6644.
=776  0\$tPhilosophical magazine. B (Online)$x1463-6417
=780  00$tPhilosophical magazine. B. Physics of condensed matter. Structural, electronic, optical and magnetic properties$x0958-6644
=785  07$tPhilosophical magazine. A. Physics of condensed matter. Structure, defects and mechanical properties (Print)$x1364-2804
=785  07$tPhilosophical magazine (2003. Print)$x1478-6435
=852  71$aBritish Library$bSTI$k(P)$hPQ 00$m-E(82)$2blsrissc$31995-2002; Vol.72-82.
=856  \\$31850-9999$uhttp://www.tandfonline.com/$xBLDSS
=886  2\$2blmarc$a029$b00$as001260111
=945  \\$aPHILOSOPHICAL MAGAZINE B.
=957  \\$aCR
=968  \\$bx
=979  \\$aBritish Library$bDSC$j6462.110000
=985  \\$aISSN responsibility in process of transfer to ISSN US Centre- title changes being reviewed -10.3.08
=ACF  \\$aPrevious Copyright Fee: GBP25.00$c0$e01-apr-2012$fGBP25.00$g0$hC$5Uk
=ACF  \\$aPrevious Copyright Fee: GBP25.00$c0$e01-jan-2012$fGBP25.00$g0$hC$5Uk
=ACF  \\$aPrevious Copyright Fee: GBP18.02$c0$e01-oct-2011$fGBP18.02$g0$hC$5Uk
=ACF  \\$aPrevious Copyright Fee: GBP18.02$c0$e01-jul-2011$fGBP18.02$g0$hC$5Uk
=ACF  \\$aPrevious Copyright Fee: GBP18.02$c0$e01-apr-2011$fGBP18.02$g0$hC$5Uk
=ACF  \\$aPrevious Copyright Fee: GBP18.02$c0$e01-jan-2011$fGBP18.02$g0$hC$5Uk
=ACF  \\$aPrevious Copyright Fee: GBP21.28$c0$e01-oct-2010$fGBP21.28$g0$hC$5Uk
=ACF  \\$aPrevious Copyright Fee: GBP21.28$c0$e01-jul-2010$fGBP21.28$g0$hC$5Uk
=ACF  \\$aPrevious Copyright Fee: GBP21.28$c0$e01-apr-2010$fGBP21.28$g0$hC$5Uk
=ACF  \\$aPrevious Copyright Fee: GBP21.28$c0$e01-Jan-2010$fGBP21.28$g0$hC$5Uk
=ACF  \\$aPrevious Copyright Fee: GBP21.28$c0$e01-oct-2009$fGBP21.28$g0$hC$5Uk
=ACF  \\$aPrevious Copyright Fee: GBP21.28$c0$e01-jul-2009$fGBP21.28$g0$hC$5Uk
=ACF  \\$aPrevious Copyright Fee: GBP21.28$c0$e01-apr-2009$fGBP21.28$g0$hC$5Uk
=ACF  \\$aPrevious Copyright Fee: GBP18.00$c0$e01-jan-2009$fGBP18.00$g0$hC$5Uk
=ACF  \\$aPrevious Copyright Fee: GBP15.00$c0$e01-oct-2008$fGBP15.00$g0$hC$5Uk
=ACF  \\$aPrevious Copyright Fee: GBP18.00$c0$e01-jul-2008$fGBP18.00$g0$hC$5Uk
=ACF  \\$aPrevious Copyright Fee: GBP18.00$c0$e01-apr-2008$fGBP18.00$g0$hC$5Uk
=ACF  \\$aPrevious Copyright Fee: GBP18.00$c0$e01-jan-2008$fGBP18.00$g0$hC$5Uk
=ACF  \\$aPrevious Copyright Fee: GBP18.00$c0$e01-oct-2007$fGBP18.00$g0$hC$5Uk
=ACF  \\$aPrevious Copyright Fee: GBP18.00$c0$e01-jul-2007$fGBP18.00$g0$hC$5Uk
=ACF  \\$aPrevious Copyright Fee: GBP18.00$c0$e01-apr-2007$fGBP18.00$g0$hC$5Uk
=ACF  \\$aPrevious Copyright Fee: GBP18.00$c0$e01-jan-2007$fGBP18.00$g0$hC$5Uk
=ACF  \\$aPrevious Copyright Fee: GBP18.00$c0$e01-oct-2006$fGBP18.00$g0$hC$5Uk
=ACF  \\$aPrevious Copyright Fee: GBP18.00$c0$e01-jul-2006$fGBP18.00$g0$hC$5Uk
=ACF  \\$aPrevious Copyright Fee: GBP18.00$c0$e01-apr-2006$fGBP18.00$g0$hC$5Uk
=ACF  \\$aPrevious Copyright Fee: GBP18.00$c0$e01-jan-2006$fGBP18.00$g0$hC$5Uk
=ACF  \\$aPrevious Copyright Fee: GBP18.00$c0$e01-oct-2005$fGBP18.00$g0$hC$5Uk
=ACF  \\$aPrevious Copyright Fee: GBP18.00$c0$e01-jul-2005$fGBP18.00$g0$hC$5Uk
=ACF  \\$aPrevious Copyright Fee: GBP18.00$c0$e01-apr-2005$fGBP18.00$g0$hC$5Uk
=ACF  \\$aPrevious Copyright Fee: GBP18.00$c0$e01-jan-2005$fGBP18.00$g0$hC$5Uk
=ACF  \\$aPrevious Copyright Fee: GBP15.00$c0$e01-oct-2004$fGBP15.00$g0$hC$5Uk
=ACF  \\$aPrevious Copyright Fee: GBP25.00$c0$e01-oct-2012$fGBP25.00$g0$hC$5Uk
=ACF  \\$aPrevious Copyright Fee: GBP25.00$c0$e01-jul-2012$fGBP25.00$g0$hC$5Uk
=ACF  \\$aPrevious copyright fee: GBP30.00$c2\0$e20-feb-2015$fGBP30.00$g0$hP$5Uk
=ACF  \\$aPrevious copyright fee: GBP34.00$c2\0$e01-jan-2016$fGBP34.00$g0$hP$5Uk
=ACF  \\$aPrevious copyright fee: GBP31.00$c2\0$e01-apr-2016$fGBP31.00$g0$hP$5Uk
=ACF  \\$aPrevious copyright fee: GBP35.00$c2\0$e01-jan-2018$fGBP35.00$g0$hP$5Uk
=ACF  \\$aPrevious copyright fee: GBP33.00$c2\0$e01-jan-2017$fGBP33.00$g0$hP$5Uk
=ACF  \\$aPrevious copyright fee: GBP38.00$c2\0$e29-nov-2018$fGBP38.00$g0$hP$5Uk
=ACF  \\$aPrevious copyright fee: GBP40.00$c2\0$e01-jan-2019$fGBP40.00$g0$hP$5Uk
=ACF  \\$aPrevious copyright fee: GBP42.00$c2\0$e01-jan-2020$fGBP42.00$g0$hP$5Uk
=CAT  \\$aWR09-126
=CAT  \\$aIPL-CLA$c20120930$lBLL01$h2018
=CAT  \\$aBATCH-CLA$b00$c20121104$lBLL01$h1019
=CAT  \\$aWR14_140$c20140905$lBLL01$h1732
=CAT  \\$a5552$b40$c20150220$lBLL01$h1357
=CAT  \\$aBLDSS-3PM$b00$c20150513$lBLL01$h0806
=CAT  \\$aBATCH-UPD$b00$c20151119$lBLL01$h1533
=CAT  \\$aIPL-CLA$c20151231$lBLL01$h1909
=CAT  \\$a5552$b40$c20160303$lBLL01$h1431
=CAT  \\$aIPL-CLA$c20160331$lBLL01$h1704
=CAT  \\$aBATCH-UPD$b00$c20160413$lBLL01$h1805
=CAT  \\$aBATCH-UPD$b00$c20161122$lBLL01$h1503
=CAT  \\$aBATCH-UPD$b00$c20161122$lBLL01$h1527
=CAT  \\$aIPL-CLA$c20161230$lBLL01$h1848
=CAT  \\$a5552$b40$c20170309$lBLL01$h1324
=CAT  \\$aBATCH-UPD$b40$c20171121$lBLL01$h1654
=CAT  \\$aIPL-CLA$c20171231$lBLL01$h1423
=CAT  \\$a5552$b40$c20181129$lBLL01$h1058
=CAT  \\$aBATCH-UPD$b40$c20181217$lBLL01$h1647
=CAT  \\$aIPL-CLA$c20181231$lBLL01$h1534
=CAT  \\$aBATCH-UPD$b00$c20191122$lBLL01$h1909
=CAT  \\$aIPL-CLA$c20191231$lBLL01$h1746
=CAT  \\$aBATCH-UPD$b00$c20201118$lBLL01$h1344
=CAT  \\$aIPL-CLA$c20201231$lBLL01$h1520
=CAT  \\$aBATCH-UPD$b00$c20221121$lBLL01$h1334
=CAT  \\$aIPL-CLA$c20221231$lBLL01$h1435
=CFI  0\$aCurrent copyright fee: GBP46.00$c2\0$e01-jan-2023$fGBP46.00$g0$hP$5Uk
=CFI  2\$aPrevious copyright fee: GBP44.00$c2\0$e01-jan-2021$fGBP44.00$g0$hP$5Uk
=FFP  \\$aY$bBLDSS-3PM
=FIN  \\$aY
=FMT  \\$a  SE
=LAS  \\$aIPL-CLA$b00$c20221231$lBLL01$h1435
=LEO  \\$aMP5.0000835803
=LEO  \\$aMP22.0000051157
=LEO  \\$aMP25.0000000100
=LKR  \\$aPAR$b007030666$lBLL01$r785$mPhilosophical magazine.$nPhilosophical magazine :structure and properties of condensed matter.
=LKR  \\$aPAR$b011456664$lBLL01$r776$mPhilosophical magazine.$nPhilosophical magazine.
=SRC  \\$aBNB03$bbibmp5.200404.2.ab
=SRC  \\$aISN01$bbibmp22.200404.2.aa
=SRC  \\$aSRI01$bbibmp25.200404.2.aa
=SSD  \\$a50300{dollar}aContinuation of "Philosophical magazine. B, Physics of condensed matter: structural, electronic, optical and magnetic properties", q.v; 50300{dollar}aMerged with: Philosophical magazine. A, Physics of condensed matter: structure, defects and mechanical properties, to become: Philosophical magazine (2003); 74500{dollar}aPhilosophical magazine. A, Physics of condensed matter: structure, defects and mechanical properties{dollar}w1364-2804
=TCO  \\$aCLA$bCLA$c008
=TOC  \\$aETOC

