=LDR  05211cas a2201225 a 4500
=001  009085238
=003  Uk
=005  20230210004800.0
=007  ta
=008  960814c19969999enktr\\\\\\\\\0\\\a0eng\\
=015  \\$aGB9653651$2bnb
=019  y\$ab9653651
=019  9\$ab9653651
=019  0\$as617153000
=019  c\$a2480274
=022  0\$a1361-4614
=039  0\$a2397
=040  \\$aUk$cUk$dUk
=082  04$a663.93$221
=084  \\$aHR 850$2blsrissc
=084  \\$aDY 79(C20)$2blsrissc
=210  0\$aCoffee newsl.
=222  \0$aCoffee newsletter
=245  00$aCoffee newsletter.
=260  \\$aLondon :$bInternational Coffee Organization,$c1996-
=300  \\$av. :$bill. ;$c30 cm.
=310  \\$aThree issues yearly
=336  \\$atext$2rdacontent
=337  \\$aunmediated$2rdamedia
=338  \\$avolume$2rdacarrier
=362  0\$aNo. 1 (Jan. 1996)-
=540  \\$aCurrent Copyright Fee: GBP25.00$c0$5Uk
=546  \\$aAlso available in French, Spanish and Portuguese.
=650  \0$aCoffee industry$xPeriodicals.
=653  1\$aCoffee$aTrades
=710  2\$aInternational Coffee Organization (1962- )
=775  0\$tInforme de Café$x1361-4622
=775  0\$tNouvelles du Café$x1361-4630
=775  0\$tNoticias del Café$x1361-4649
=852  71$aBritish Library$bSTI$k(P)$hHR 850$m-E(3)$2blsrissc$3No. 1 (1996)-no. 16 (2001)
=852  41$aBritish Library$bDSC$j6107.159265$31992(2) *A=1; 1993(1)- 1993(2) *A=1; 1994(1) *A=1
=945  \\$aNEWSLETTER- COFFEE RESEARCH INSTITUTE.
=959  \\$fHeld but not currently received
=985  \\$aISSN UK Centre note: responsibility transferred to IC, publisher=international body (15.10.15).
=ACF  \\$aPrevious Copyright Fee: GBP12.00$c0$e01-apr-2012$fGBP12.00$g0$hC$5Uk
=ACF  \\$aPrevious Copyright Fee: GBP12.00$c0$e01-jan-2012$fGBP12.00$g0$hC$5Uk
=ACF  \\$aPrevious Copyright Fee: GBP10.50$c0$e01-oct-2011$fGBP10.50$g0$hC$5Uk
=ACF  \\$aPrevious Copyright Fee: GBP10.50$c0$e01-jul-2011$fGBP10.50$g0$hC$5Uk
=ACF  \\$aPrevious Copyright Fee: GBP10.50$c0$e01-apr-2011$fGBP10.50$g0$hC$5Uk
=ACF  \\$aPrevious Copyright Fee: GBP10.50$c0$e01-jan-2011$fGBP10.50$g0$hC$5Uk
=ACF  \\$aPrevious Copyright Fee: GBP9.00$c0$e01-oct-2010$fGBP9.00$g0$hC$5Uk
=ACF  \\$aPrevious Copyright Fee: GBP9.00$c0$e01-jul-2010$fGBP9.00$g0$hC$5Uk
=ACF  \\$aPrevious Copyright Fee: GBP9.00$c0$e01-apr-2010$fGBP9.00$g0$hC$5Uk
=ACF  \\$aPrevious Copyright Fee: GBP9.00$c0$e01-Jan-2010$fGBP9.00$g0$hC$5Uk
=ACF  \\$aPrevious Copyright Fee: GBP6.00$c0$e01-oct-2009$fGBP6.00$g0$hC$5Uk
=ACF  \\$aPrevious Copyright Fee: GBP12.00$c0$e01-jul-2012$fGBP12.00$g0$hC$5Uk
=ACF  \\$aPrevious Copyright Fee: GBP12.00$c0$e01-oct-2012$fGBP12.00$g0$hC$5Uk
=ACF  \\$aPrevious Copyright Fee: GBP12.30$c0$e01-jan-2014$fGBP12.30$g0$hC$5Uk
=ACF  \\$aPrevious Copyright Fee: GBP15.00$c0$e01-jan-2017$fGBP15.00$g0$hC$5Uk
=ACF  \\$aPrevious Copyright Fee: GBP17.50$c0$e01-jan-2018$fGBP17.50$g0$hC$5Uk
=ACF  \\$aPrevious Copyright Fee: GBP20.00$c0$e01-jan-2020$fGBP20.00$g0$hC$5Uk
=ACF  \\$aPrevious Copyright Fee: GBP22.50$c0$e01-jan-2021$fGBP22.50$g0$hC$5Uk
=CAT  \\$aWR09-126
=CAT  \\$aIPL-CLA$c20111230$lBLL01$h1743
=CAT  \\$aBATCH-CLA$b00$c20120229$lBLL01$h1639
=CAT  \\$aIPL-CLA$c20120330$lBLL01$h1402
=CAT  \\$aBATCH-CLA$b00$c20120531$lBLL01$h1721
=CAT  \\$aIPL-CLA$c20120629$lBLL01$h0958
=CAT  \\$aBATCH-CLA$b00$c20120831$lBLL01$h1549
=CAT  \\$aIPL-CLA$c20120930$lBLL01$h2018
=CAT  \\$aBATCH-CLA$b00$c20121104$lBLL01$h1019
=CAT  \\$aBATCH-CLA$b00$c20131129$lBLL01$h1702
=CAT  \\$aIPL-CLA$c20131231$lBLL01$h1945
=CAT  \\$aWR14_140$c20140905$lBLL01$h1732
=CAT  \\$a10973$b40$c20151015$lBLL01$h1548
=CAT  \\$a8874$b40$c20161111$lBLL01$h0953
=CAT  \\$a8874$b40$c20161111$lBLL01$h0958
=CAT  \\$aBATCH-CLA$b00$c20161130$lBLL01$h1641
=CAT  \\$aIPL-CLA$c20161230$lBLL01$h1848
=CAT  \\$aBATCH-CLA$b00$c20171130$lBLL01$h1704
=CAT  \\$aIPL-CLA$c20171231$lBLL01$h1423
=CAT  \\$aBATCH-CLA$b00$c20191129$lBLL01$h1620
=CAT  \\$aIPL-CLA$c20191231$lBLL01$h1746
=CAT  \\$a8250$b40$c20201015$lBLL01$h1053
=CAT  \\$aBATCH-CLA$b00$c20201126$lBLL01$h1413
=CAT  \\$aIPL-CLA$c20201231$lBLL01$h1947
=CAT  \\$aBATCH-CLA$b00$c20221130$lBLL01$h1448
=CAT  \\$aIPL-CLA$c20221231$lBLL01$h1902
=CAT  \\$aBATCH-CLA$b00$c20230209$lBLL01$h1534
=CAT  \\$aIPL-CLA$c20230210$lBLL01$h0048
=CFI  0\$aCurrent Copyright Fee: GBP25.00$c0$e09-feb-2023$fGBP25.00$g0$hC$5Uk
=CFI  2\$aBritish Library not licensed to copy$c0$e01-jan-2023$hC$iCFP Excluded$5Uk
=FIN  \\$aY
=FMT  \\$a  SE
=LAS  \\$aIPL-CLA$b00$c20230210$lBLL01$h0048
=LEO  \\$aMP5.0000835996
=LEO  \\$aMP22.0000048934
=LEO  \\$aMP25.0000308360
=LEO  \\$aMP10.0000402218
=LKR  \\$aPAR$b007245557$lBLL01$nNoticia del Café$mCoffee newsletter.$r775
=SRC  \\$aDSS01$bbibmp10.200404.2.aa
=SRC  \\$aBNB03$bbibmp5.200404.2.ab
=SRC  \\$aISN01$bbibmp22.200404.2.aa
=SRC  \\$aSRI01$bbibmp25.200404.2.aa
=TCO  \\$aCLA$bCLA$c008

