=LDR  06243cas a2201417 a 4500
=001  009085838
=003  Uk
=005  20221231143546.0
=006  aa\\\|||||||||||||
=007  ta
=008  960917c19959999stkqr\p\\\\\\\0\\\a0eng\\
=015  \\$aGB9672798$2bnb
=019  y\$ab9672798
=019  9\$ab9672798
=019  c\$a2528618
=019  0\$as619093005
=022  0\$a1355-8145
=039  0\$a2409
=040  \\$aUk$cUk$dUk
=082  04$a574.19245$220
=084  \\$aCL 77$2blsrissc
=084  \\$aKF 05$2blsrissc
=210  0\$aCell stress chaperones$b(Print)
=222  \0$aCell stress & chaperones$b(Print)
=245  00$aCell stress & chaperones.
=246  30$aCell stress and chaperones
=260  \\$aNew York ;$aEdinburgh :$bChurchill Livingstone,$c1995-
=260  3\$bSpringer Science + Media$32008-
=300  \\$av. :$bill. ;$c28cm.
=310  \\$aQuarterly
=336  \\$atext$2rdacontent
=337  \\$aunmediated$2rdamedia
=338  \\$avolume$2rdacarrier
=362  0\$aVol.1, no.1 (April 1996)-
=540  \\$aCurrent copyright fee: GBP34.95$c22\1$5Uk
=650  \0$aHeat shock proteins$xPeriodicals.
=650  \0$aMolecular chaperones$xPeriodicals.
=653  1\$aProteins
=776  0\$tCell stress and chaperones (Online)$x1466-1268
=852  41$aBritish Library$bDSC$j3097.865000$3Vol. 1 (1996)-v. 15, no. 6 (2010)
=852  71$aBritish Library$bSTI$k(P)$hCL 77$m-E(5)$2blsrissc$3Vol. 1 (1996)-v. 15, no. 5 (2010)
=856  \\$31850-9999$uhttp://www.springer.com/gb/$xBLDSS
=945  \\$aCell stress and chaperones
=957  \\$aCR
=959  \\$fHeld but not currently received
=985  \\$aNSDP taken ISSN responsibility Dec. 2003
=985  \\$aRecord merged by SUNCAT team.
=ACF  \\$aPrevious copyright fee: GBP21.25$c13\1$e01-jan-2009$fGBP21.25$g0$hP$5Uk
=ACF  \\$aPrevious Copyright Fee: GBP16.00$c0$e01-apr-2008$fGBP16.00$g0$hC$5Uk
=ACF  \\$aPrevious Copyright Fee: GBP16.75$c13\1$e01-apr-2008$fGBP16.75$g0$hP$5Uk
=ACF  \\$aPrevious Copyright Fee: GBP1.50$c0$e01-jan-2008$fGBP1.50$g0$hC$5Uk
=ACF  \\$aPrevious Copyright Fee: GBP1.50$c0$e01-oct-2007$fGBP1.50$g0$hC$5Uk
=ACF  \\$aPrevious Copyright Fee: GBP1.50$c0$e01-jul-2007$fGBP1.50$g0$hC$5Uk
=ACF  \\$aPrevious Copyright Fee: GBP1.54$c0$e01-apr-2007$fGBP1.54$g0$hC$5Uk
=ACF  \\$aPrevious Copyright Fee: GBP1.62$c0$e01-jan-2007$fGBP1.62$g0$hC$5Uk
=ACF  \\$aPrevious Copyright Fee: GBP1.62$c0$e01-oct-2006$fGBP1.62$g0$hC$5Uk
=ACF  \\$aPrevious Copyright Fee: GBP1.71$c0$e01-jul-2006$fGBP1.71$g0$hC$5Uk
=ACF  \\$aPrevious Copyright Fee: GBP1.71$c0$e01-apr-2006$fGBP1.71$g0$hC$5Uk
=ACF  \\$aPrevious Copyright Fee: GBP1.67$c0$e01-jan-2006$fGBP1.67$g0$hC$5Uk
=ACF  \\$aPrevious copyright fee: GBP1.25$c0$e01-jan-2003$fGBP1.25$g0$hC$5Uk
=ACF  \\$aCurrent copyright fee: GBP1.29$c0$e01-oct-2002$fGBP1.29$g0$hC$5Uk
=ACF  \\$aCurrent copyright fee: GBP1.38$c0$e01-jul-2002$fGBP1.38$g0$hC$5Uk
=ACF  \\$aPrevious copyright fee: GBP22.00$c13\1$e01-apr-2009$fGBP22.00$g0$hP$5Uk
=ACF  \\$aPrevious copyright fee: GBP22.00$c13\1$e12-aug-2012$fGBP22.00$g0$hP$5Uk
=ACF  \\$aPrevious copyright fee: GBP25.00$c13\1$e01-jan-2013$fGBP25.00$g0$hP$5Uk
=ACF  \\$aPrevious copyright fee: GBP25.77$c13\1$e01-jul-2013$fGBP25.77$g0$hP$5Uk
=ACF  \\$aPrevious copyright fee: GBP24.97$c13\1$e01-jan-2014$fGBP24.97$g0$hP$5Uk
=ACF  \\$aPrevious copyright fee: GBP24.21$c13\1$e01-jul-2014$fGBP24.21$g0$hP$5Uk
=ACF  \\$aPrevious copyright fee: GBP25.77$c13\1$e01-apr-2015$fGBP25.77$g0$hP$5Uk
=ACF  \\$aPrevious copyright fee: GBP26.63$c13\1$e01-jul-2015$fGBP26.63$g0$hP$5Uk
=ACF  \\$aPrevious copyright fee: GBP25.77$c13\1$e01-oct-2015$fGBP25.77$g0$hP$5Uk
=ACF  \\$aPrevious copyright fee: GBP27.55$c13\1$e01-apr-2016$fGBP27.55$g0$hP$5Uk
=ACF  \\$aPrevious copyright fee: GBP29.59$c13\1$e01-oct-2016$fGBP29.59$g0$hP$5Uk
=ACF  \\$aPrevious copyright fee: GBP31.96$c13\1$e01-apr-2017$fGBP31.96$g0$hP$5Uk
=ACF  \\$aPrevious copyright fee: GBP30.73$c13\1$e01-oct-2017$fGBP30.73$g0$hP$5Uk
=ACF  \\$aPrevious copyright fee: GBP28.54$c13\1$e01-apr-2018$fGBP28.54$g0$hP$5Uk
=ACF  \\$aPrevious copyright fee: GBP34.00$c22\1$e01-jul-2018$fGBP34.00$g0$hP$5Uk
=CAT  \\$aWR09-126
=CAT  \\$aBATCH-UPD$b00$c20150219$lBLL01$h1642
=CAT  \\$aIPL-CLA$c20150331$lBLL01$h1619
=CAT  \\$aBATCH-UPD$b00$c20150520$lBLL01$h1700
=CAT  \\$aIPL-CLA$c20150630$lBLL01$h1634
=CAT  \\$aBATCH-UPD$b00$c20150820$lBLL01$h1750
=CAT  \\$aIPL-CLA$c20150930$lBLL01$h1747
=CAT  \\$aBATCH-UPD$b00$c20160217$lBLL01$h1636
=CAT  \\$aIPL-CLA$c20160331$lBLL01$h1704
=CAT  \\$aBATCH-UPD$b00$c20160413$lBLL01$h1805
=CAT  \\$aBATCH-UPD$b00$c20160524$lBLL01$h2154
=CAT  \\$aBATCH-UPD$b00$c20160524$lBLL01$h2230
=CAT  \\$aBATCH-UPD$b00$c20160824$lBLL01$h1713
=CAT  \\$aIPL-CLA$c20160930$lBLL01$h1547
=CAT  \\$aBATCH-UPD$b00$c20170216$lBLL01$h1800
=CAT  \\$aIPL-CLA$c20170331$lBLL01$h1830
=CAT  \\$aBATCH-UPD$b00$c20170904$lBLL01$h1802
=CAT  \\$aIPL-CLA$c20170929$lBLL01$h1713
=CAT  \\$aBATCH-UPD$b00$c20180223$lBLL01$h1616
=CAT  \\$aIPL-CLA$c20180331$lBLL01$h1601
=CAT  \\$aBATCH-UPD$b00$c20180524$lBLL01$h1652
=CAT  \\$aIPL-CLA$c20180630$lBLL01$h1909
=CAT  \\$a5552$b40$c20210810$lBLL01$h1359
=CAT  \\$aIPL-CLA$c20210930$lBLL01$h1526
=CAT  \\$aBATCH-UPD$b00$c20221121$lBLL01$h1410
=CAT  \\$aIPL-CLA$c20221231$lBLL01$h1435
=CFI  0\$aCurrent copyright fee: GBP34.95$c22\1$e01-jan-2023$fGBP34.95$g0$hP$5Uk
=CFI  2\$aPrevious copyright fee: GBP43.00$c22\1$e01-oct-2021$fGBP43.00$g0$hP$5Uk
=EST  \\$a2
=FFP  \\$aY$bBLDSS-3PM
=FIN  \\$aY
=FMT  \\$a  SE
=LAS  \\$aIPL-CLA$b00$c20221231$lBLL01$h1435
=LEO  \\$aMP10.0000137587
=LEO  \\$aMP25.0000310236
=LEO  \\$aMP5.0000837636
=LEO  \\$aMP22.0000044808
=SRC  \\$aDSS01$bbibmp10.200404.2.aa
=SRC  \\$aSRI01$bbibmp25.200404.2.aa
=SRC  \\$aISN01$bbibmp22.200404.2.aa
=SRC  \\$aBNB03$bbibmp5.200404.2.ab
=TCO  \\$aCLA$bCLA$c008
=TOC  \\$aETOC
=UNO  \\$aY

