=LDR  06371cas a2201417 a 4500
=001  009180615
=003  Uk
=005  20221231143547.0
=007  ta
=008  920707c19939999vb\br\p\\\\\\\0\\\a0eng\d
=010  \\$a93641650$zsn 92004907
=016  7\$a9887141$2DNLM
=016  7\$aSR0076464$2DNLM
=019  c\$a2483880
=019  0\$as100228011
=022  0\$a1063-7710
=030  \\$aAOUSEK
=035  \\$a(OCoLC)ocm26142019
=040  \\$aUk$cUk$dUk
=041  1\$aeng$hrus
=042  \\$ansdp$alc
=050  00$aQC221$b.S6
=082  04$a534$221
=084  \\$aRX 00$2blsrissc
=130  0\$aAkusticheskiĭ zhurnal.$lEnglish.
=210  0\$aAcoust. phys$b(Print)
=222  \0$aAcoustical physics$b(Print)
=245  10$aAcoustical physics.
=260  \\$aWoodbury, NY :$bAmerican Institute of Physics,$cc1993-
=264  31$a[Tortola, British Virgin Islands] :$b[Pleiades Publishing]
=300  \\$av. :$bill. ;$c29 cm.
=310  \\$aBimonthly
=336  \\$atext$2rdacontent
=337  \\$aunmediated$2rdamedia
=338  \\$avolume$2rdacarrier
=362  0\$aVol. 39, no. 1 (Jan.-Feb. 1993)-
=500  \\$aTitle from cover.
=510  2\$aChemical abstracts$x0009-2258
=530  \\$aBeginning with issues for <2000> also available to subscribers via the World Wide Web.
=540  \\$aCurrent copyright fee: GBP29.95$c22\1$5Uk
=595  \\$aSRIS SHARED STOCK. FORMERLY 0424.85 UP TO VOL. 38, 1992.
=650  \0$aSound$vPeriodicals.
=710  2\$aAmerican Institute of Physics.
=765  0\$tAkusticheskiĭ zhurnal$x0320-7919
=776  1\$tAkusticheskiĭ zhurnal (Online). English. Acoustical physics$x1562-6865
=780  00$tAkusticheskiĭ zhurnal. English. Soviet physics. Acoustics$x0038-562X
=852  41$aBritish Library$bDSC$j0404.570000$3Vol. 39, no. 1 (1993)-v. 43, no. 4 (1997)***UKRR Retained Title
=852  71$aBritish Library$bSTI$k(P)$hRX 00$m-E(1)$2blsrissc$3Vol. 39, pt. 1 (1993)-v. 56, no. 6 (2010)
=856  \\$31850-9999$uhttp://www.springer.com/gb/$xBLDSS
=945  \\$aAcoustical physics C/Cof Akusticheskii zhurnal
=959  \\$fHeld but not currently received
=963  \\$aCA/U-4 VOL. 39, 1993- *A=1$bN
=968  \\$bx
=985  \\$aRecord merged by DQ team
=985  \\$aISSN responsibility transfer from ISSN Russia pending (Richard, 21/10/22)
=ACF  \\$aPrevious copyright fee: GBP21.25$c22\8$e01-jan-2009$fGBP21.25$g0$hP$5Uk
=ACF  \\$aPrevious copyright fee: GBP16.75$c22\8$e01-jan-2007$fGBP16.75$g0$hP$5Uk
=ACF  \\$aPrevious copyright fee: GBP16.22$c22\8$e01-oct-2006$fGBP16.22$g0$hP$5Uk
=ACF  \\$aPrevious copyright fee: GBP17.14$c22\8$e01-apr-2006$fGBP17.14$g0$hP$5Uk
=ACF  \\$aPrevious Copyright Fee: GBP16.67$c22\8$e01-feb-2006$fGBP16.67$g0$hP$5Uk
=ACF  \\$aPrevious copyright fee: GBP16.00$c7\0$e01-jan-2005$fGBP16.00$g0$hP$5Uk
=ACF  \\$aPrevious copyright fee: GBP18.00$c7\0$e01-jan-2004$fGBP18.00$g0$hP$5Uk
=ACF  \\$aCurrent copyright fee: GBP17.00$c7\0$e01-jan-2003$fGBP17.00$g0$hP$5Uk
=ACF  \\$aCurrent copyright fee: GBP15.00$c7\0$e01-jan-2002$fGBP15.00$g0$hP$5Uk
=ACF  \\$aPrevious copyright fee: GBP22.00$c22\8$e01-apr-2009$fGBP22.00$g0$hP$5Uk
=ACF  \\$aPrevious copyright fee: GBP22.00$c22\8$e12-aug-2012$fGBP22.00$g0$hP$5Uk
=ACF  \\$aPrevious copyright fee: GBP25.00$c22\8$e01-jan-2013$fGBP25.00$g0$hP$5Uk
=ACF  \\$aPrevious copyright fee: GBP25.77$c22\8$e01-jul-2013$fGBP25.77$g0$hP$5Uk
=ACF  \\$aPrevious copyright fee: GBP24.97$c22\8$e01-jan-2014$fGBP24.97$g0$hP$5Uk
=ACF  \\$aPrevious copyright fee: GBP24.21$c22\8$e01-jul-2014$fGBP24.21$g0$hP$5Uk
=ACF  \\$aPrevious copyright fee: GBP25.77$c22\8$e01-apr-2015$fGBP25.77$g0$hP$5Uk
=ACF  \\$aPrevious copyright fee: GBP26.63$c22\8$e01-jul-2015$fGBP26.63$g0$hP$5Uk
=ACF  \\$aPrevious copyright fee: GBP25.77$c22\8$e01-oct-2015$fGBP25.77$g0$hP$5Uk
=ACF  \\$aPrevious copyright fee: GBP27.55$c22\8$e01-apr-2016$fGBP27.55$g0$hP$5Uk
=ACF  \\$aPrevious copyright fee: GBP29.59$c22\8$e01-oct-2016$fGBP29.59$g0$hP$5Uk
=ACF  \\$aPrevious copyright fee: GBP31.96$c22\8$e01-apr-2017$fGBP31.96$g0$hP$5Uk
=ACF  \\$aPrevious copyright fee: GBP30.73$c22\8$e01-oct-2017$fGBP30.73$g0$hP$5Uk
=ACF  \\$aPrevious copyright fee: GBP28.54$c22\8$e01-apr-2018$fGBP28.54$g0$hP$5Uk
=CAT  \\$aCONV$b00$c20040425$lBLL90$h0658
=CAT  \\$aBLDSS-3PM$b00$c20150103$lBLL01$h1041
=CAT  \\$aBATCH-UPD$b00$c20150219$lBLL01$h1755
=CAT  \\$aIPL-CLA$c20150331$lBLL01$h1619
=CAT  \\$aBATCH-UPD$b00$c20150520$lBLL01$h1759
=CAT  \\$aIPL-CLA$c20150630$lBLL01$h1634
=CAT  \\$aBATCH-UPD$b00$c20150820$lBLL01$h1845
=CAT  \\$aIPL-CLA$c20150930$lBLL01$h1747
=CAT  \\$aBATCH-UPD$b00$c20160217$lBLL01$h1737
=CAT  \\$aIPL-CLA$c20160331$lBLL01$h1704
=CAT  \\$aBATCH-UPD$b00$c20160524$lBLL01$h2207
=CAT  \\$aBATCH-UPD$b00$c20160524$lBLL01$h2353
=CAT  \\$aBATCH-UPD$b00$c20160824$lBLL01$h1803
=CAT  \\$aIPL-CLA$c20160930$lBLL01$h1547
=CAT  \\$aBATCH-UPD$b00$c20170216$lBLL01$h1852
=CAT  \\$aIPL-CLA$c20170331$lBLL01$h1830
=CAT  \\$aBATCH-UPD$b00$c20170904$lBLL01$h1901
=CAT  \\$aIPL-CLA$c20170929$lBLL01$h1713
=CAT  \\$aBATCH-UPD$b00$c20180223$lBLL01$h1735
=CAT  \\$aIPL-CLA$c20180331$lBLL01$h1601
=CAT  \\$aBATCH-UPD$b00$c20180524$lBLL01$h1722
=CAT  \\$aIPL-CLA$c20180630$lBLL01$h1909
=CAT  \\$a10806$b40$c20221021$lBLL01$h0946
=CAT  \\$a10806$b40$c20221021$lBLL01$h0952
=CAT  \\$aBATCH-UPD$b40$c20221121$lBLL01$h1357
=CAT  \\$aIPL-CLA$c20221231$lBLL01$h1435
=CFI  0\$aCurrent copyright fee: GBP29.95$c22\1$e01-jan-2023$fGBP29.95$g0$hP$5Uk
=CFI  2\$aPrevious copyright fee: GBP34.00$c22\1$e01-jul-2018$fGBP34.00$g0$hP$5Uk
=EST  \\$a2
=FFP  \\$aY$bBLDSS-3PM
=FIN  \\$aY
=FMT  \\$a  SE
=LAS  \\$aIPL-CLA$b00$c20221231$lBLL01$h1435
=LEO  \\$aMP10.0000024060
=LEO  \\$aMP25.0000017004
=LKR  \\$aPAR$b009181291$lBLL01$r78000$mAcoustical physics (Print)$nSoviet physics. Acoustics
=LKR  \\$aPAR$b012104524$lBLL01$r765$mAcoustical physics$nAkusticheskiĭ zhurnal.
=SID  \\$aZ39$bLOC
=SRC  \\$aDSS01$bbibmp10.200404.2.aa
=SRC  \\$aSRI01$bbibmp25.200404.2.aa
=TCO  \\$aTRS$bCCC$c008
=TOC  \\$aETOC
=UNO  \\$aY

