=LDR  06712cas a2201393 a 4500
=001  009180718
=003  Uk
=005  20221231143550.0
=007  ta
=008  920410c19929999ru\mr\p\\\\\\\0\\\a0eng\d
=010  \\$a92642588$zsn 92002700
=019  c\$a2452643
=019  0\$as127153012
=022  0\$a0965-5425
=032  \\$a008647$bUSPS
=035  \\$a(OCoLC)ocm25625195
=040  \\$aUk$cUk$dUk
=041  1\$aeng$hrus
=050  00$aQA297$b.Z53
=082  04$a518.05$223
=084  \\$aPA 00$2blsrissc
=130  0\$aZhurnal vychislitelńoĭ matematiki i matematicheskoĭ fiziki.$lEnglish.
=210  0\$aComput. math. math. phys.
=222  \0$aComputational mathematics and mathematical physics
=245  10$aComputational mathematics and mathematical physics.
=260  \\$aOxford ;$aNew York :$bPergamon Press,$cc1992-
=260  3\$aMoscow :$bMAIK Nauka/Interperiodica
=300  \\$av. :$bill. ;$c28 cm.
=310  \\$aSemimonthly,$b1993-
=321  \\$aMonthly,$b1992-
=336  \\$atext$2rdacontent
=337  \\$aunmediated$2rdamedia
=338  \\$avolume$2rdacarrier
=362  0\$aVol. 31, no. 1 (Jan. 1992)-
=530  \\$aAlso available in microform from Pergamon Press, -1992.
=540  \\$aCurrent copyright fee: GBP29.95$c22\1$5Uk
=595  \\$aFORMERLY 0429.3 UP TO VOL. 30, 1990 SEE ALSO 0429.3 FOR H&SS HOLDINGS SEE ALSO CARD INDEX.
=650  \0$aNumerical analysis$vPeriodicals.
=650  \0$aMathematical physics$vPeriodicals.
=650  \0$aMathematics$xData processing$vPeriodicals.
=765  0\$tZhurnal vychislitelʹnoĭ matematiki i matematicheskoĭ fiziki$x0044-4669
=776  0\$tComputational mathematics and mathematical physics$c(Online)$x1555-6662
=780  00$tZhurnal vychislitelʹnoĭ matematiki i matematicheskoĭ fiziki. English. U.S.S.R. computational mathematics and mathematical physics$x0041-5553
=852  41$aBritish Library$bDSC$j0411.052000$3Vol. 31, no. 1 (1991)-v. 50, no. 12 (2010)***UKRR Retained Title***Stock Incomplete
=852  71$aBritish Library$bSTI$k(P)$hPA 00$m-E(1)$2blsrissc$31992-1996; Vol.31-36.
=856  \\$31850-9999$uhttp://www.springer.com/gb/$xBLDSS
=945  \\$aCOMPUTATIONAL MATHEMATICS AND MATHEMATICAL PHYSICS C/C OF ZHURNAL VYCHISLITEL'NOI MATEMATIKI I MATEMATICHESKOI FIZIKI.
=959  \\$fHeld but not currently received
=963  \\$aCA/U81 VOL. 31, 1991- 36, 1996 *A=1$bN
=985  \\$aRecord merged by DQ team
=985  \\$aResponsibility for ISSN transferred to the IC from ISSN UK Centre 31.01.08
=A02  \\$a2452643
=ACF  \\$aPrevious copyright fee: GBP21.25$c22\7$e01-jan-2009$fGBP21.25$g0$hP$5Uk
=ACF  \\$aPrevious copyright fee: GBP16.75$c22\7$e01-jan-2007$fGBP16.75$g0$hP$5Uk
=ACF  \\$aPrevious copyright fee: GBP16.22$c22\7$e01-oct-2006$fGBP16.22$g0$hP$5Uk
=ACF  \\$aPrevious Copyright Fee: GBP17.14$c22\7$e17-may-2006$fGBP17.14$g0$hP$5Uk
=ACF  \\$aPrevious Copyright Fee: GBP11.25$c14\0$e26-jan-1999$fGBP11.25$g0$hP$5Uk
=ACF  \\$aCurrent copyright fee: GBP11.25$c14\0$e01-jan-1998$fGBP11.25$g0$hP$5Uk
=ACF  \\$aCurrent copyright fee: GBP10.97$c5\5$e01-apr-1997$fGBP10.97$g0$hP$5Uk
=ACF  \\$aPrevious copyright fee: GBP22.00$c22\7$e12-aug-2012$fGBP22.00$g0$hP$5Uk
=ACF  \\$aPrevious copyright fee: GBP22.00$c22\7$e01-apr-2009$fGBP22.00$g0$hP$5Uk
=ACF  \\$aPrevious copyright fee: GBP21.00$c5\1$e18-dec-2012$fGBP21.00$g0$hP$5Uk
=ACF  \\$aPrevious copyright fee: GBP25.00$c22\7$e01-jan-2013$fGBP25.00$g0$hP$5Uk
=ACF  \\$aPrevious copyright fee: GBP25.77$c22\7$e01-jul-2013$fGBP25.77$g0$hP$5Uk
=ACF  \\$aPrevious copyright fee: GBP24.97$c22\7$e01-jan-2014$fGBP24.97$g0$hP$5Uk
=ACF  \\$aPrevious copyright fee: GBP24.21$c22\7$e01-jul-2014$fGBP24.21$g0$hP$5Uk
=ACF  \\$aPrevious copyright fee: GBP25.77$c22\7$e01-apr-2015$fGBP25.77$g0$hP$5Uk
=ACF  \\$aPrevious copyright fee: GBP26.63$c22\7$e01-jul-2015$fGBP26.63$g0$hP$5Uk
=ACF  \\$aPrevious copyright fee: GBP25.77$c22\7$e01-oct-2015$fGBP25.77$g0$hP$5Uk
=ACF  \\$aPrevious copyright fee: GBP27.55$c22\7$e01-apr-2016$fGBP27.55$g0$hP$5Uk
=ACF  \\$aPrevious copyright fee: GBP29.59$c22\7$e01-oct-2016$fGBP29.59$g0$hP$5Uk
=ACF  \\$aPrevious copyright fee: GBP31.96$c22\7$e01-apr-2017$fGBP31.96$g0$hP$5Uk
=ACF  \\$aPrevious copyright fee: GBP30.73$c22\7$e01-oct-2017$fGBP30.73$g0$hP$5Uk
=ACF  \\$aPrevious copyright fee: GBP28.54$c22\7$e01-apr-2018$fGBP28.54$g0$hP$5Uk
=CAT  \\$aCONV$b00$c20040425$lBLL90$h0658
=CAT  \\$aBATCH-CLA$c20140528$lBLL01$h1727
=CAT  \\$aIPL-CLA$c20140630$lBLL01$h1701
=CAT  \\$aBLDSS-3PM$b00$c20150103$lBLL01$h1041
=CAT  \\$aBATCH-UPD$b00$c20150219$lBLL01$h1752
=CAT  \\$aIPL-CLA$c20150331$lBLL01$h1619
=CAT  \\$aBATCH-UPD$b00$c20150520$lBLL01$h1756
=CAT  \\$aIPL-CLA$c20150630$lBLL01$h1635
=CAT  \\$aBATCH-UPD$b00$c20150820$lBLL01$h1843
=CAT  \\$aIPL-CLA$c20150930$lBLL01$h1747
=CAT  \\$aBATCH-UPD$b00$c20160217$lBLL01$h1734
=CAT  \\$aIPL-CLA$c20160331$lBLL01$h1704
=CAT  \\$aBATCH-UPD$b00$c20160524$lBLL01$h2207
=CAT  \\$aBATCH-UPD$b00$c20160524$lBLL01$h2353
=CAT  \\$aBATCH-UPD$b00$c20160824$lBLL01$h1801
=CAT  \\$aIPL-CLA$c20160930$lBLL01$h1547
=CAT  \\$aBATCH-UPD$b00$c20170216$lBLL01$h1850
=CAT  \\$aIPL-CLA$c20170331$lBLL01$h1831
=CAT  \\$aBATCH-UPD$b00$c20170904$lBLL01$h1859
=CAT  \\$aIPL-CLA$c20170929$lBLL01$h1713
=CAT  \\$aBATCH-UPD$b00$c20180223$lBLL01$h1732
=CAT  \\$aIPL-CLA$c20180331$lBLL01$h1601
=CAT  \\$aBATCH-UPD$b00$c20180524$lBLL01$h1720
=CAT  \\$aIPL-CLA$c20180630$lBLL01$h1909
=CAT  \\$aBATCH-UPD$b00$c20221121$lBLL01$h1357
=CAT  \\$aIPL-CLA$c20221231$lBLL01$h1435
=CFI  0\$aCurrent copyright fee: GBP29.95$c22\1$e01-jan-2023$fGBP29.95$g0$hP$5Uk
=CFI  2\$aPrevious copyright fee: GBP34.00$c22\1$e01-jul-2018$fGBP34.00$g0$hP$5Uk
=EST  \\$a2
=FFP  \\$aY$bBLDSS-3PM
=FIN  \\$aY
=FMT  \\$a  SE
=LAS  \\$aIPL-CLA$b00$c20221231$lBLL01$h1435
=LEO  \\$aMP10.0000024182
=LEO  \\$aMP25.0000030311
=LEO  \\$aMP22.0000037346
=LKR  \\$aPAR$b009181391$lBLL01$r78000$mComputational mathematics and mathematical physics$nU.S.S.R. computational mathematics and mathematical physics
=LKR  \\$aPAR$b008519167$lBLL01$r765$mComputational mathematics and mathematical physics$nZ̆urnal vyc̆islitelʹnoj matematiki i matematic̆eskoj fiziki
=SID  \\$aZ39$bLOC
=SRC  \\$aISN01$bbibmp22.200404.2.aa
=SRC  \\$aSRI01$bbibmp25.200404.2.aa
=SRC  \\$aDSS01$bbibmp10.200404.2.aa
=TCO  \\$aXXX$c008
=TOC  \\$aETOC
=UNO  \\$aY

