=LDR  06915cas a2201477 a 4500
=001  009181161
=003  Uk
=005  20221231143555.0
=007  ta
=008  771001c19599999ru\mr\p\\\\\\\0\\\a0eng\\
=019  c\$a2011274
=019  0\$as103922008
=019  x\$a1973390000
=022  0\$a0036-0236
=030  \\$aRJICAQ
=040  \\$aUk$cUk$dUk
=041  1\$aeng$hrus
=082  04$a546$221
=084  \\$aJH 20$2blsrissc
=130  0\$aZhurnal neorganicheskoĭ khimiĭ.$lEnglish.
=210  0\$aRuss. j. inorg. chem.
=222  \0$aRussian journal of inorganic chemistry
=245  10$aRussian journal of inorganic chemistry.
=260  \\$aLondon :$bChemical Society,$c1959-
=260  2\$a[Tortola :$bPleiades ;$aMoscow :$bNauka/Interperiodica]
=260  2\$a[Letchworth ;$aLondon] :$bBritish Library Lending Division with the cooperation of the Royal Society of Chemistry
=260  3\$a[Moscow] :$bMAIK Nauka/Interperiodica ;$a[Heidelberg] :$bdistributed by Springer Science+Business Media
=300  \\$av. :$bill., diagrs. ;$c29 cm.
=310  \\$aMonthly
=336  \\$atext$2rdacontent
=337  \\$aunmediated$2rdamedia
=338  \\$avolume$2rdacarrier
=362  0\$aJan. 1959-
=515  \\$aAssumes the vol. numbering of the Russian journal.
=530  \\$aAlso issued online.
=540  \\$aCurrent copyright fee: GBP29.95$c22\1$5Uk
=546  \\$aCover to cover translation into English.
=580  \\$aFor translation of earlier issues see "Journal of inorganic chemistry".
=595  \\$aSRIS SHARED STOCK. FORMERLY 0415.151 SEE ALSO SERIAL RECORDS KCC/MAN AND KCS-SE.
=650  \0$aChemistry$vPeriodicals.
=650  \0$aChemistry, Inorganic$vPeriodicals.
=650  \7$aChemistry$2fast$0(OCoLC)fst00853344
=655  \7$aPeriodicals$2fast$0(OCoLC)fst01411641
=710  2\$aChemical Society (Great Britain)
=710  2\$aRoyal Society of Chemistry (Great Britain)
=710  2\$aBritish Library.$bLending Division.
=765  1\$tŽurnal neorganičeskoj himii$x0044-457X
=776  1\$tRussian journal of inorganic chemistry (Online)$x1531-8613
=780  10$tJournal of inorganic chemistry (Jerusalem)$x0368-2471
=852  41$aBritish Library$bDSC$j0420.761000$3Vol. 1 (1959)-v. 47, no. 12 (2002); v. 51, no. 2 (2006)-v. 52, no. 12 (2007)***Issues between 2002 and 2005 held at STM***UKRR Retained Title
=852  41$aBritish Library$bHMNTS$jAc.3923/15
=852  71$aBritish Library$bSTI$k(P)$hJH 20$m-E(9)$2blsrissc$3Vol. 1 (1959)-v. 50, no. 12 (2005)***UKRR Retained Title
=856  \\$31850-9999$uhttp://www.springer.com/gb/$xBLDSS
=883  0\$aFAST headings derived from: A topical index to pressmarks in use in the British Museum Library ... / Robin Alston. (London : R.C. Alston, 1987)$d20201111$qUk
=945  \\$aRUSSIAN JOURNAL OF INORGANIC CHEMISTRY C/C OF ZHURNAL NEORGANICHESKOI KHIMII
=959  \\$fCurrently received
=963  \\$aCA/U-2 VOL. 4, 1959- 37, 1992 *A=1$bY
=964  \\$aVOL. 4, 1959- 31, 1986 *A=1$c546$dQ$eJR989
=968  \\$aC
=985  \\$aRecord merged by DQ team
=985  \\$aResponsibility for ISSN transferred to the IC, 02.09.08
=985  \\$aUpgraded by BSS-generated file for WR2012-0338
=A02  \\$a2011274
=ACF  \\$aPrevious Copyright Fee: GBP16.67$c22\3$e24-mar-2006$fGBP16.67$g0$hP$5Uk
=ACF  \\$aPrevious Copyright Fee: GBP11.25$c14\0$e26-jan-1999$fGBP11.25$g0$hP$5Uk
=ACF  \\$aCurrent copyright fee: GBP11.25$c14\0$e01-jan-1998$fGBP11.25$g0$hP$5Uk
=ACF  \\$aCurrent copyright fee: GBP2.30$c0$e01-apr-1997$fGBP2.30$g0$hC$5Uk
=ACF  \\$aPrevious Copyright Fee: GBP17.14$c22\3$e01-apr-2006$fGBP17.14$g0$hP$5Uk
=ACF  \\$aPrevious copyright fee: GBP22.00$c22\3$e12-aug-2012$fGBP22.00$g0$hP$5Uk
=ACF  \\$aPrevious copyright fee: GBP25.00$c22\3$e01-jan-2013$fGBP25.00$g0$hP$5Uk
=ACF  \\$aPrevious copyright fee: GBP25.77$c22\3$e01-jul-2013$fGBP25.77$g0$hP$5Uk
=ACF  \\$aPrevious copyright fee: GBP24.97$c22\3$e01-jan-2014$fGBP24.97$g0$hP$5Uk
=ACF  \\$aPrevious copyright fee: GBP24.21$c22\3$e01-jul-2014$fGBP24.21$g0$hP$5Uk
=ACF  \\$aPrevious copyright fee: GBP25.77$c22\3$e01-apr-2015$fGBP25.77$g0$hP$5Uk
=ACF  \\$aPrevious copyright fee: GBP26.63$c22\3$e01-jul-2015$fGBP26.63$g0$hP$5Uk
=ACF  \\$aPrevious copyright fee: GBP25.77$c22\3$e01-oct-2015$fGBP25.77$g0$hP$5Uk
=ACF  \\$aPrevious copyright fee: GBP27.55$c22\3$e01-apr-2016$fGBP27.55$g0$hP$5Uk
=ACF  \\$aPrevious copyright fee: GBP29.59$c22\3$e01-oct-2016$fGBP29.59$g0$hP$5Uk
=ACF  \\$aPrevious copyright fee: GBP31.96$c22\3$e01-apr-2017$fGBP31.96$g0$hP$5Uk
=ACF  \\$aPrevious copyright fee: GBP30.73$c22\3$e01-oct-2017$fGBP30.73$g0$hP$5Uk
=ACF  \\$aPrevious copyright fee: GBP28.54$c22\3$e01-apr-2018$fGBP28.54$g0$hP$5Uk
=CAT  \\$aCONV$b00$c20040425$lBLL90$h0658
=CAT  \\$aBATCH-UPD$b00$c20150219$lBLL01$h1741
=CAT  \\$aIPL-CLA$c20150331$lBLL01$h1620
=CAT  \\$aBATCH-UPD$b00$c20150520$lBLL01$h1749
=CAT  \\$aIPL-CLA$c20150630$lBLL01$h1635
=CAT  \\$aBATCH-UPD$b00$c20150820$lBLL01$h1836
=CAT  \\$aIPL-CLA$c20150930$lBLL01$h1747
=CAT  \\$aBATCH-UPD$b00$c20160217$lBLL01$h1726
=CAT  \\$aIPL-CLA$c20160331$lBLL01$h1704
=CAT  \\$aBATCH-UPD$b00$c20160413$lBLL01$h1805
=CAT  \\$aBATCH-UPD$b00$c20160524$lBLL01$h2207
=CAT  \\$aBATCH-UPD$b00$c20160524$lBLL01$h2354
=CAT  \\$aBATCH-UPD$b00$c20160824$lBLL01$h1754
=CAT  \\$aIPL-CLA$c20160930$lBLL01$h1547
=CAT  \\$aBATCH-UPD$b00$c20170216$lBLL01$h1842
=CAT  \\$aIPL-CLA$c20170331$lBLL01$h1831
=CAT  \\$aBATCH-UPD$b00$c20170904$lBLL01$h1850
=CAT  \\$aIPL-CLA$c20170929$lBLL01$h1713
=CAT  \\$aBATCH-UPD$b00$c20180223$lBLL01$h1717
=CAT  \\$aIPL-CLA$c20180331$lBLL01$h1602
=CAT  \\$aBATCH-UPD$b00$c20180524$lBLL01$h1713
=CAT  \\$aIPL-CLA$c20180630$lBLL01$h1909
=CAT  \\$aW2012-0338$b00$c20201209$lBLL01$h2036
=CAT  \\$aW2012-0338$c20210128$lBLL01$h1607
=CAT  \\$aBATCH-UPD$b00$c20221121$lBLL01$h1357
=CAT  \\$aIPL-CLA$c20221231$lBLL01$h1435
=CFI  0\$aCurrent copyright fee: GBP29.95$c22\1$e01-jan-2023$fGBP29.95$g0$hP$5Uk
=CFI  2\$aPrevious copyright fee: GBP34.00$c22\1$e01-jul-2018$fGBP34.00$g0$hP$5Uk
=EST  \\$a2
=FFP  \\$aY$bBLDSS-3PM
=FIN  \\$aY
=FMT  \\$a  SE
=LAS  \\$aIPL-CLA$b00$c20221231$lBLL01$h1435
=LEO  \\$aMP1.0002360412
=LEO  \\$aMP22.0000001898
=LEO  \\$aMP25.0000019613
=LEO  \\$aMP10.0000024675
=LKR  \\$aPAR$b013433166$lBLL01$r776$mRussian journal of inorganic chemistry (Print)$nRussian journal of inorganic chemistry (Online)
=SRC  \\$aBLS01$bbibmp1.200404.2.ac
=SRC  \\$aISN01$bbibmp22.200404.2.aa
=SRC  \\$aSRI01$bbibmp25.200404.2.aa
=SRC  \\$aDSS01$bbibmp10.200404.2.aa
=TCO  \\$aCLA$bCLA$c008
=TOC  \\$aETOC
=UNO  \\$aY

