=LDR  06270cas a2201369 a 4500
=001  009181166
=003  Uk
=005  20221231143555.0
=007  ta
=008  771001c19599999ru\mx\p\\\\\\\0\\\a0eng\\
=019  c\$a2011275
=019  0\$as104893001
=019  c\$a2150925
=022  \\$a0036-0244
=030  \\$aRJPCAR
=040  \\$aUk$cUk$dUk
=041  1\$aeng$hrus
=082  04$a541$221
=084  \\$aKT 00$2blsrissc
=130  0\$aZhurnal fizicheskoi khimii.$lEnglish.
=210  0\$aRuss. j. phys. chem.
=222  \0$aRussian journal of physical chemistry
=245  10$aRussian journal of physical chemistry.
=246  13$aRussian journal of physical chemistry. A
=260  \\$aLondon :$bChemical Society,$c1959-
=260  \\$a[Moscow] :$bMAIK Nauka/Interperiodica ;$a[Heidelberg] :$bdistributed by Springer Science+Business Media
=260  2\$aTortola :$bPleiades ;$aMoscow :$bNauka/Interperiodica
=300  \\$av. :$bill. ;$c28 cm.
=310  \\$aMonthly, with an extra issue in Dec,$b2008-
=321  \\$aMonthly,$b2007
=336  \\$atext$2rdacontent
=337  \\$aunmediated$2rdamedia
=338  \\$avolume$2rdacarrier
=530  \\$aAlso issued online.
=540  \\$aCurrent copyright fee: GBP29.95$c22\1$5Uk
=546  \\$aCover to cover translation into English.
=580  \\$aTranslation of "Zhurnal fizicheskoĭ khimii" q.v. Dating and numbering of issues follow original.
=595  \\$aSRIS SHARED STOCK. SEE ALSO 0415.25 SEE ALSO SERIAL RECORDS KCC/MAN AND KCS-SE.
=650  \0$aChemistry, Physical and theoretical$vPeriodicals.
=650  \0$aChemistry$vPeriodicals.
=710  2\$aChemical Society (Great Britain)
=765  1\$tŽurnal fizičeskoj himii$x0044-4537
=776  1\$tRussian journal of physical chemistry (Online)
=776  1\$tRussian journal of physical chemistry. A (Online)$x1531-863X
=852  71$aBritish Library$bSTI$k(P)$hKT 00$m-E(2)$2blsrissc$3Vol. 33 (1959)-v. 79, no. 12 (2005)***UKRR Retained Title***Stock incomplete
=852  41$aBritish Library$bDSC$j0420.763000$3Vol. 33, no. 7 (1959)-v. 81, no. 12 (2007)***UKRR Retained Title***Stock incomplete
=856  \\$31850-9999$uhttp://www.springer.com/gb/$xBLDSS
=945  \\$aRUSSIAN JOURNAL OF PHYSICAL CHEMISTRY C/C OF ZHURNAL FIZICHESKOI KHIMII
=959  \\$fCurrently received
=963  \\$aCA/U-2 VOL. 33, [1959]- 66, [1992 *A=1$bY
=964  \\$aVOL. 38, 1964- 60, 1986 *A=1$c541$dQ$eJR9891
=968  \\$aC
=985  \\$aResponsibility for ISSN transferred to the International Centre from ISSN UK Centre, 23.01.08
=985  \\$aRecord merged by DQ team
=A02  \\$a2011275
=ACF  \\$aPrevious Copyright Fee: GBP16.67$c22\3$e24-mar-2006$fGBP16.67$g0$hP$5Uk
=ACF  \\$aPending Copyright Fee: GBP11.25$c14\0$e26-jan-1999$fGBP11.25$g0$hP$5Uk
=ACF  \\$aCurrent copyright fee: GBP11.25$c14\0$e01-jan-1998$fGBP11.25$g0$hP$5Uk
=ACF  \\$aCurrent copyright fee: GBP2.30$c0$e01-oct-1997$fGBP2.30$g0$hC$5Uk
=ACF  \\$aPrevious Copyright Fee: GBP17.14$c22\3$e01-apr-2006$fGBP17.14$g0$hP$5Uk
=ACF  \\$aPrevious copyright fee: GBP22.00$c22\3$e12-aug-2012$fGBP22.00$g0$hP$5Uk
=ACF  \\$aPrevious copyright fee: GBP25.00$c22\3$e01-jan-2013$fGBP25.00$g0$hP$5Uk
=ACF  \\$aPrevious copyright fee: GBP25.77$c22\3$e01-jul-2013$fGBP25.77$g0$hP$5Uk
=ACF  \\$aPrevious copyright fee: GBP24.97$c22\3$e01-jan-2014$fGBP24.97$g0$hP$5Uk
=ACF  \\$aPrevious copyright fee: GBP24.21$c22\3$e01-jul-2014$fGBP24.21$g0$hP$5Uk
=ACF  \\$aPrevious copyright fee: GBP25.77$c22\3$e01-apr-2015$fGBP25.77$g0$hP$5Uk
=ACF  \\$aPrevious copyright fee: GBP26.63$c22\3$e01-jul-2015$fGBP26.63$g0$hP$5Uk
=ACF  \\$aPrevious copyright fee: GBP25.77$c22\3$e01-oct-2015$fGBP25.77$g0$hP$5Uk
=ACF  \\$aPrevious copyright fee: GBP27.55$c22\3$e01-apr-2016$fGBP27.55$g0$hP$5Uk
=ACF  \\$aPrevious copyright fee: GBP29.59$c22\3$e01-oct-2016$fGBP29.59$g0$hP$5Uk
=ACF  \\$aPrevious copyright fee: GBP31.96$c22\3$e01-apr-2017$fGBP31.96$g0$hP$5Uk
=ACF  \\$aPrevious copyright fee: GBP30.73$c22\3$e01-oct-2017$fGBP30.73$g0$hP$5Uk
=ACF  \\$aPrevious copyright fee: GBP28.54$c22\3$e01-apr-2018$fGBP28.54$g0$hP$5Uk
=CAT  \\$aCONV$b00$c20040425$lBLL90$h0658
=CAT  \\$aIPL-CLA$c20140630$lBLL01$h1701
=CAT  \\$aBLDSS-3PM$b00$c20150103$lBLL01$h1041
=CAT  \\$aBATCH-UPD$b00$c20150219$lBLL01$h1741
=CAT  \\$aIPL-CLA$c20150331$lBLL01$h1620
=CAT  \\$aBATCH-UPD$b00$c20150520$lBLL01$h1749
=CAT  \\$aIPL-CLA$c20150630$lBLL01$h1635
=CAT  \\$aBATCH-UPD$b00$c20150820$lBLL01$h1836
=CAT  \\$aIPL-CLA$c20150930$lBLL01$h1747
=CAT  \\$aBATCH-UPD$b00$c20160217$lBLL01$h1726
=CAT  \\$aIPL-CLA$c20160331$lBLL01$h1704
=CAT  \\$aBATCH-UPD$b00$c20160413$lBLL01$h1805
=CAT  \\$aBATCH-UPD$b00$c20160524$lBLL01$h2207
=CAT  \\$aBATCH-UPD$b00$c20160524$lBLL01$h2354
=CAT  \\$aBATCH-UPD$b00$c20160824$lBLL01$h1754
=CAT  \\$aIPL-CLA$c20160930$lBLL01$h1547
=CAT  \\$aBATCH-UPD$b00$c20170216$lBLL01$h1842
=CAT  \\$aIPL-CLA$c20170331$lBLL01$h1831
=CAT  \\$aBATCH-UPD$b00$c20170904$lBLL01$h1850
=CAT  \\$aIPL-CLA$c20170929$lBLL01$h1713
=CAT  \\$aBATCH-UPD$b00$c20180223$lBLL01$h1717
=CAT  \\$aIPL-CLA$c20180331$lBLL01$h1602
=CAT  \\$aBATCH-UPD$b00$c20180524$lBLL01$h1713
=CAT  \\$aIPL-CLA$c20180630$lBLL01$h1909
=CAT  \\$aBATCH-UPD$b00$c20221121$lBLL01$h1357
=CAT  \\$aIPL-CLA$c20221231$lBLL01$h1435
=CFI  0\$aCurrent copyright fee: GBP29.95$c22\1$e01-jan-2023$fGBP29.95$g0$hP$5Uk
=CFI  2\$aPrevious copyright fee: GBP34.00$c22\1$e01-jul-2018$fGBP34.00$g0$hP$5Uk
=EST  \\$a2
=FFP  \\$aY$bBLDSS-3PM
=FIN  \\$aY
=FMT  \\$a  SE
=LAS  \\$aIPL-CLA$b00$c20221231$lBLL01$h1435
=LEO  \\$aMP10.0000517307
=LEO  \\$aMP25.0000020222
=LEO  \\$aMP22.0000001899
=LEO  \\$aMP10.0000024680
=LKR  \\$aPAR$b013433191$lBLL01$r776$mRussian journal of physical chemistry (Print)$nRussian journal of physical chemistry (Online)
=SRC  \\$aDSS01$bbibmp10.200404.2.aa
=SRC  \\$aSRI01$bbibmp25.200404.2.aa
=SRC  \\$aISN01$bbibmp22.200404.2.aa
=TCO  \\$aCLA$bCLA$c008
=TOC  \\$aETOC
=UNO  \\$aY

