=LDR  08464cas a2201705 i 4500
=001  009181168
=003  Uk
=005  20230509140142.0
=007  ta
=008  771001c19609999ru\br\p\\\\\\\0\\\a0eng\\
=010  \\$a64002220
=019  c\$a2011277
=019  x\$a1982380268
=019  0\$as218402007
=022  \\$a0036-0279
=030  \\$aRMSUA
=035  \\$a(OCoLC)ocm01588215
=040  \\$aUk$cUk$dUk
=041  1\$aeng$hrus
=043  \\$ae-ru---$ae-ur---
=050  00$aQA1$b.R82
=082  04$a510$221
=084  \\$aP 00$2blsrissc
=130  0\$aUspekhi matematicheskikh nauk.$lEnglish.
=210  0\$aRuss. Math. Surv.$b(Print)
=222  \0$aRussian mathematical surveys$b(Print)
=245  10$aRussian mathematical surveys =$bUspekhi matematicheskikh nauk.
=246  31$aUspekhi matematicheskikh nauk
=260  \\$aLondon :$bLondon Mathematical Society :$bDistributed by Cleaver-Hume Press,$c[1960]-
=264  31$32022-$aMoscow :$bSteklov Mathematical Institute of Russian Academy of Sciences
=300  \\$av. ;$c26 cm.
=310  \\$aBimonthly
=336  \\$atext$2rdacontent
=337  \\$aunmediated$2rdamedia
=338  \\$avolume$2rdacarrier
=362  0\$aVol. 15, no. 1 (Jan.-Feb. 1960)-
=500  \\$aTitle from cover.
=530  \\$aIssued also online and on CD-ROM.
=540  \\$aCurrent copyright fee: GBP30.00$c77\0$5Uk
=580  \\$a"A translation of the survey articles and of selected biographical articles in Uspekhi matematicheskikh nauk," whose vol. numbering it assumes.
=595  \\$aSEE ALSO SERIAL RECORDS KCC/MAN AND KCS-SE.
=650  \0$aMathematics$zSoviet Union$vPeriodicals.
=650  \0$aMathematics$zRussia (Federation)$vPeriodicals.
=650  \0$aMathematics$vPeriodicals.
=650  \0$aMathematicians$zSoviet Union$vPeriodicals.
=650  \0$aMathematicians$zRussia (Federation)$vPeriodicals.
=710  2\$aLondon Mathematical Society.
=765  1\$tUspekhi matematicheskikh nauk$x0042-1316
=776  1\$tUspekhi matematicheskikh nauk. English. (CD-ROM). Russian mathematical surveys$x1473-2009
=776  08$iAlso issued in print as:$tUspekhi matematicheskikh nauk. English$x1468-4829
=852  71$aBritish Library$bSTI$k(P)$hP 00$m-E(9)$2blsrissc$3Vol. 15 (1960)-v. 69, no. 6 (2014)***Title now taken as electronic copy
=852  41$aBritish Library$bDSC$j0420.766000$3Vol. 15, no. 1 (1960)-v. 68, no. 1/6 (2013)***UKRR Retained Title
=852  41$aBritish Library$bHMNTS$jP.P.7613.le.$3Vol. 15, no. 1 (Jan./Feb. 1960)-
=856  \\$31850-9999$uhttp://www.iop.org/$xBLDSS
=945  \\$aRUSSIAN MATHEMATICAL SURVEYS C/C OF USPEKHI MATEMATICHESKIKH NAUK.
=959  \\$fHeld but not currently received
=963  \\$aVOL. 15, 1960- 38, 1983 *A=1$bY$cP348.B.138
=964  \\$aVOL. 15, 1960- 41, 1986 *A=1$c51$dQ$eJR9893
=968  \\$aC
=985  \\$aRecord merged by DQ team
=985  \\$aISSN responsibility transfer from ISSN UK to ISSN Russia pending (Richard, 09/05/23)
=985  \\$a09/05/23 - publisher update based on scan of t.p. verso of 77/3 received via email from ISSN Russia (Richard, 09/05/23)
=ACF  \\$aPrevious Copyright Fee: GBP20.00$c0$e01-apr-2012$fGBP20.00$g0$hC$5Uk
=ACF  \\$aPrevious Copyright Fee: GBP20.00$c0$e01-jan-2012$fGBP20.00$g0$hC$5Uk
=ACF  \\$aPrevious Copyright Fee: GBP20.00$c0$e01-oct-2011$fGBP20.00$g0$hC$5Uk
=ACF  \\$aPrevious Copyright Fee: GBP20.00$c0$e01-jul-2011$fGBP20.00$g0$hC$5Uk
=ACF  \\$aPrevious Copyright Fee: GBP20.00$c0$e01-apr-2011$fGBP20.00$g0$hC$5Uk
=ACF  \\$aPrevious Copyright Fee: GBP20.00$c0$e01-jan-2011$fGBP20.00$g0$hC$5Uk
=ACF  \\$aPrevious Copyright Fee: GBP18.40$c0$e01-oct-2010$fGBP18.40$g0$hC$5Uk
=ACF  \\$aPrevious Copyright Fee: GBP18.40$c0$e01-jul-2010$fGBP18.40$g0$hC$5Uk
=ACF  \\$aPrevious Copyright Fee: GBP18.40$c0$e01-apr-2010$fGBP18.40$g0$hC$5Uk
=ACF  \\$aPrevious Copyright Fee: GBP18.40$c0$e01-Jan-2010$fGBP18.40$g0$hC$5Uk
=ACF  \\$aPrevious Copyright Fee: GBP18.40$c0$e01-oct-2009$fGBP18.40$g0$hC$5Uk
=ACF  \\$aPrevious Copyright Fee: GBP18.40$c0$e01-jul-2009$fGBP18.40$g0$hC$5Uk
=ACF  \\$aPrevious Copyright Fee: GBP18.40$c0$e01-apr-2009$fGBP18.40$g0$hC$5Uk
=ACF  \\$aPrevious Copyright Fee: GBP18.40$c0$e01-jan-2009$fGBP18.40$g0$hC$5Uk
=ACF  \\$aBritish Library not licensed to copy$c0$e01-oct-2008$hC$iCLA Excluded$5Uk
=ACF  \\$aPrevious Copyright Fee: GBP18.40$c0$e01-jul-2008$fGBP18.40$g0$hC$5Uk
=ACF  \\$aPrevious Copyright Fee: GBP18.40$c0$e01-apr-2008$fGBP18.40$g0$hC$5Uk
=ACF  \\$aPrevious Copyright Fee: GBP18.40$c0$e01-jan-2008$fGBP18.40$g0$hC$5Uk
=ACF  \\$aPrevious Copyright Fee: GBP18.40$c0$e01-oct-2007$fGBP18.40$g0$hC$5Uk
=ACF  \\$aPrevious Copyright Fee: GBP18.40$c0$e01-jul-2007$fGBP18.40$g0$hC$5Uk
=ACF  \\$aPrevious Copyright Fee: GBP5.00$c0$e01-apr-2007$fGBP5.00$g0$hC$5Uk
=ACF  \\$aPrevious Copyright Fee: GBP5.00$c0$e01-jan-2007$fGBP5.00$g0$hC$5Uk
=ACF  \\$aPrevious Copyright Fee: GBP5.00$c0$e01-oct-2006$fGBP5.00$g0$hC$5Uk
=ACF  \\$aPrevious Copyright Fee: GBP5.00$c0$e01-jul-2006$fGBP5.00$g0$hC$5Uk
=ACF  \\$aPrevious Copyright Fee: GBP5.00$c0$e01-apr-2006$fGBP5.00$g0$hC$5Uk
=ACF  \\$aPrevious Copyright Fee: GBP5.00$c0$e01-jan-2006$fGBP5.00$g0$hC$5Uk
=ACF  \\$aPrevious Copyright Fee: GBP5.00$c0$e01-oct-2005$fGBP5.00$g0$hC$5Uk
=ACF  \\$aPrevious Copyright Fee: GBP5.00$c0$e01-jul-2005$fGBP5.00$g0$hC$5Uk
=ACF  \\$aPrevious Copyright Fee: GBP5.00$c0$e01-apr-2005$fGBP5.00$g0$hC$5Uk
=ACF  \\$aPrevious Copyright Fee: GBP5.00$c0$e01-jan-2005$fGBP5.00$g0$hC$5Uk
=ACF  \\$aPrevious Copyright Fee: GBP5.00$c0$e01-oct-2004$fGBP5.00$g0$hC$5Uk
=ACF  \\$aPrevious copyright fee: GBP5.00$c0$e13-sep-2002$fGBP5.00$g0$hC$5Uk
=ACF  \\$aBritish Library not licensed to copy$c0$e24-may-2002$g0$hC$iCLA-excluded$5Uk
=ACF  \\$aCurrent copyright fee: GBP2.50$c0$e01-jul-1998$fGBP2.50$g0$hC$5Uk
=ACF  \\$aPrevious Copyright Fee: GBP20.00$c0$e01-jul-2012$fGBP20.00$g0$hC$5Uk
=CAT  \\$aCONV$b00$c20040425$lBLL90$h0658
=CAT  \\$aBATCH-CLA$b00$c20101115$lBLL01$h1608
=CAT  \\$aIPL-CLA$c20101231$lBLL01$h1245
=CAT  \\$aBATCH-CLA$b00$c20110228$lBLL01$h1553
=CAT  \\$aIPL-CLA$c20110331$lBLL01$h1436
=CAT  \\$aBATCH-CLA$b00$c20110531$lBLL01$h1648
=CAT  \\$aIPL-CLA$c20110630$lBLL01$h1516
=CAT  \\$aBATCH-CLA$b00$c20110831$lBLL01$h1805
=CAT  \\$aIPL-CLA$c20110930$lBLL01$h1516
=CAT  \\$aCDS12-UPD$b40$c20111002$lBLL01$h2317
=CAT  \\$aBATCH-CLA$b00$c20111130$lBLL01$h1216
=CAT  \\$aIPL-CLA$c20111230$lBLL01$h1746
=CAT  \\$aBATCH-CLA$b00$c20120229$lBLL01$h1637
=CAT  \\$aIPL-CLA$c20120330$lBLL01$h1402
=CAT  \\$aBATCH-CLA$b00$c20120531$lBLL01$h1724
=CAT  \\$aBATCH-UPD$b00$c20120614$lBLL01$h2115
=CAT  \\$aIPL-CLA$c20120629$lBLL01$h0959
=CAT  \\$aBATCH-CLA$b00$c20120831$lBLL01$h1553
=CAT  \\$aIPL-CLA$c20120930$lBLL01$h2019
=CAT  \\$aBATCH-CLA$b00$c20121104$lBLL01$h1016
=CAT  \\$aWR13.005$c20130322$lBLL01$h1926
=CAT  \\$a10806$b40$c20150213$lBLL01$h1059
=CAT  \\$a5552$b40$c20180604$lBLL01$h1148
=CAT  \\$aIPL-CLA$c20180630$lBLL01$h1909
=CAT  \\$aBLDSS-3PM$b00$c20180723$lBLL01$h1540
=CAT  \\$aBATCH-UPD$b00$c20180723$lBLL01$h1548
=CAT  \\$a10806$b40$c20230509$lBLL01$h1401
=CAT  \\$a10806$b40$c20230509$lBLL01$h1401
=CFI  0\$aCurrent copyright fee: GBP30.00$c77\0$e01-jul-2018$fGBP30.00$g0$hP$5Uk
=CFI  2\$aPrevious Copyright Fee: GBP20.00$c0$e01-oct-2012$fGBP20.00$g0$hC$5Uk
=FFP  \\$aY$bBLDSS-3PM
=FIN  \\$aY
=FMT  \\$a  SE
=LAS  \\$a10806$b40$c20230509$lBLL01$h1401
=LEO  \\$aMP1.0002370111
=LEO  \\$aMP10.0000024683
=LEO  \\$aMP22.0000001900
=LEO  \\$aMP25.0000082321
=LKR  \\$aPAR$b011458215$lBLL01$r776$mRussian mathematical surveys (Print)$nRussian mathematical surveys (Online)
=LKR  \\$aPAR$b011648102$lBLL01$r776$mRussian mathematical surveys (Print)$nRussian mathematical surveys (CD Rom)
=LKR  \\$aPAR$b008888653$lBLL01$r765$mRussian mathematical surveys (Print)$nUspekhi matematicheskikh nauk.
=SID  \\$aZ39$bLOC
=SRC  \\$aISN01$bbibmp22.200404.2.aa
=SRC  \\$aSRI01$bbibmp25.200404.2.aa
=SRC  \\$aBLS01$bbibmp1.200404.2.ac
=SRC  \\$aDSS01$bbibmp10.200404.2.aa
=TCO  \\$aCLA$bCLA$c008
=UNO  \\$aY

