=LDR  06841cas a22014537i 4500
=001  009188117
=003  Uk
=005  20211231153707.0
=007  ta
=008  040419c19639999xxkar\m\\\\\\\0\\\a0eng\\
=019  c\$a2014529
=019  0\$as111343003
=019  x\$a127321031X
=022  0\$a0065-3160
=030  \\$aAPORAO
=040  \\$aUk$cUk
=082  04$a547.1$221
=084  \\$aKT 20$2blsrissc
=084  \\$aJU 15$2blsrissc
=100  1\$aGold, Victor.
=210  0\$aAdv. Phys. Org. Chem.
=222  \0$aAdvances in Physical Organic Chemistry
=245  00$aAdvances in Physical Organic Chemistry.
=264  \1$aNew York ;$aLondon :$bAcademic Press,$c1963-.
=300  \\$a8º ;$c24 cm
=310  \\$aAnnual
=336  \\$atext$2rdacontent
=337  \\$aunmediated$2rdamedia
=338  \\$avolume$2rdacarrier
=340  \\$m8vo$2rdabf
=540  \\$aCurrent copyright fee: GBP34.30$c5\1$5Uk
=852  41$aBritish Library$bHMNTS$j8895.t.2.
=852  71$aBritish Library$bSTI$k(P)$hKT 20$m-E(1)$2blsrissc$31963- ; Vol.1- ; Deficient: no.23-24, 1987-88- v. 48 (2014)
=852  41$aBritish Library$bDSC$j0709.800000$3Vol. 1 (1963)-v. 48 (2014)***UKRR Retained Title
=856  \\$31850-9999$uhttp://www.elsevier.com/journals$xBLDSS
=945  \\$aADVANCES IN PHYSICAL ORGANIC CHEMISTRY.
=959  \\$fHeld but not currently received
=963  \\$aVOL. 1, 1963- *A=1$bY$cP360.C.190
=964  \\$aVOL. 1, 1963- 21, 1985 *A=1$c547$dO$eJA04685
=968  \\$aC
=985  \\$aRecord merged by SUNCAT team
=985  \\$aISSN responsibility held by United States ISSN Centre - 10.4.07
=985  \\$aCorrected by MS generated file for WR# 1805-0738
=ACF  \\$aPrevious Copyright Fee: GBP21.00$c0$e01-apr-2012$fGBP21.00$g0$hC$5Uk
=ACF  \\$aPrevious Copyright Fee: GBP21.00$c0$e01-jan-2012$fGBP21.00$g0$hC$5Uk
=ACF  \\$aPrevious Copyright Fee: GBP20.00$c0$e01-oct-2011$fGBP20.00$g0$hC$5Uk
=ACF  \\$aPrevious Copyright Fee: GBP20.00$c0$e01-jul-2011$fGBP20.00$g0$hC$5Uk
=ACF  \\$aPrevious Copyright Fee: GBP20.00$c0$e01-apr-2011$fGBP20.00$g0$hC$5Uk
=ACF  \\$aPrevious Copyright Fee: GBP20.00$c0$e01-jan-2011$fGBP20.00$g0$hC$5Uk
=ACF  \\$aPrevious Copyright Fee: GBP20.00$c0$e01-oct-2010$fGBP20.00$g0$hC$5Uk
=ACF  \\$aPrevious Copyright Fee: GBP20.00$c0$e01-jul-2010$fGBP20.00$g0$hC$5Uk
=ACF  \\$aPrevious Copyright Fee: GBP20.00$c0$e01-apr-2010$fGBP20.00$g0$hC$5Uk
=ACF  \\$aPrevious Copyright Fee: GBP20.00$c0$e01-Jan-2010$fGBP20.00$g0$hC$5Uk
=ACF  \\$aPrevious Copyright Fee: GBP20.00$c0$e01-oct-2009$fGBP20.00$g0$hC$5Uk
=ACF  \\$aPrevious Copyright Fee: GBP20.00$c0$e01-jul-2009$fGBP20.00$g0$hC$5Uk
=ACF  \\$aPrevious Copyright Fee: GBP20.00$c0$e01-apr-2009$fGBP20.00$g0$hC$5Uk
=ACF  \\$aPrevious Copyright Fee: GBP20.00$c0$e01-jan-2009$fGBP20.00$g0$hC$5Uk
=ACF  \\$aPrevious Copyright Fee: GBP19.00$c0$e01-oct-2008$fGBP19.00$g0$hC$5Uk
=ACF  \\$aPrevious Copyright Fee: GBP19.00$c0$e01-jul-2008$fGBP19.00$g0$hC$5Uk
=ACF  \\$aPrevious Copyright Fee: GBP18.00$c0$e01-apr-2008$fGBP18.00$g0$hC$5Uk
=ACF  \\$aPrevious Copyright Fee: GBP18.00$c0$e01-jan-2008$fGBP18.00$g0$hC$5Uk
=ACF  \\$aPrevious Copyright Fee: GBP18.00$c0$e01-oct-2007$fGBP18.00$g0$hC$5Uk
=ACF  \\$aPrevious Copyright Fee: GBP18.00$c0$e01-jul-2007$fGBP18.00$g0$hC$5Uk
=ACF  \\$aPrevious Copyright Fee: GBP18.00$c0$e01-apr-2007$fGBP18.00$g0$hC$5Uk
=ACF  \\$aPrevious Copyright Fee: GBP18.00$c0$e01-jan-2007$fGBP18.00$g0$hC$5Uk
=ACF  \\$aPrevious Copyright Fee: GBP18.00$c0$e01-oct-2006$fGBP18.00$g0$hC$5Uk
=ACF  \\$aPrevious Copyright Fee: GBP18.00$c0$e01-jul-2006$fGBP18.00$g0$hC$5Uk
=ACF  \\$aPrevious Copyright Fee: GBP18.00$c0$e01-apr-2006$fGBP18.00$g0$hC$5Uk
=ACF  \\$aPrevious Copyright Fee: GBP18.00$c0$e01-jan-2006$fGBP18.00$g0$hC$5Uk
=ACF  \\$aPrevious Copyright Fee: GBP18.00$c0$e01-oct-2005$fGBP18.00$g0$hC$5Uk
=ACF  \\$aPrevious Copyright Fee: GBP18.00$c0$e01-jul-2005$fGBP18.00$g0$hC$5Uk
=ACF  \\$aPrevious Copyright Fee: GBP18.00$c0$e01-apr-2005$fGBP18.00$g0$hC$5Uk
=ACF  \\$aPrevious Copyright Fee: GBP18.00$c0$e01-jan-2005$fGBP18.00$g0$hC$5Uk
=ACF  \\$aPrevious Copyright Fee: GBP20.00$c0$e01-oct-2004$fGBP20.00$g0$hC$5Uk
=ACF  \\$aPrevious copyright fee: GBP20.00$c0$e01-apr-2004$fGBP20.00$g0$hC$5Uk
=ACF  \\$aCurrent copyright fee: GBP20.59$c0$e01-jan-2004$fGBP20.59$g0$hC$5Uk
=ACF  \\$aCurrent copyright fee: GBP21.88$c0$e01-jan-2003$fGBP21.88$g0$hC$5Uk
=ACF  \\$aPrevious Copyright Fee: GBP21.00$c0$e01-jul-2012$fGBP21.00$g0$hC$5Uk
=ACF  \\$aPrevious Copyright Fee: GBP21.00$c0$e01-oct-2012$fGBP21.00$g0$hC$5Uk
=ACF  \\$aPrevious copyright fee: GBP22.50$c5\1$e01-jan-2013$fGBP22.50$g0$hP$5Uk
=ACF  \\$aPrevious copyright fee: GBP23.40$c5\1$e01-jan-2018$fGBP23.40$g0$hP$5Uk
=CAT  \\$aCONV$b00$c20040425$lBLL90$h0658
=CAT  \\$aIPL-CLA$c20111230$lBLL01$h1749
=CAT  \\$aBATCH-CLA$b00$c20120229$lBLL01$h1616
=CAT  \\$aIPL-CLA$c20120330$lBLL01$h1403
=CAT  \\$aBATCH-CLA$b00$c20120531$lBLL01$h1712
=CAT  \\$aBATCH-UPD$b00$c20120614$lBLL01$h2116
=CAT  \\$aIPL-CLA$c20120629$lBLL01$h0959
=CAT  \\$aBATCH-CLA$b00$c20120831$lBLL01$h1528
=CAT  \\$aIPL-CLA$c20120930$lBLL01$h2020
=CAT  \\$aBATCH-CLA$b00$c20121104$lBLL01$h1014
=CAT  \\$a5552$b40$c20121217$lBLL01$h1603
=CAT  \\$aIPL-CLA$c20121231$lBLL01$h1250
=CAT  \\$aIPL-CLA$c20130102$lBLL01$h1653
=CAT  \\$aWR13.005$c20130322$lBLL01$h1930
=CAT  \\$aBLDSS-3PM$b00$c20141222$lBLL01$h1710
=CAT  \\$a8464$b40$c20150121$lBLL01$h1419
=CAT  \\$aCDS15-UPD$b40$c20150313$lBLL01$h1842
=CAT  \\$aBATCH-UPD$b40$c20170725$lBLL01$h1843
=CAT  \\$aBATCH-UPD$b40$c20171121$lBLL01$h1739
=CAT  \\$aIPL-CLA$c20171231$lBLL01$h1427
=CAT  \\$a1805-0738$c20181221$lBLL01$h1817
=CAT  \\$a1805-0738$b00$c20181221$lBLL01$h1900
=CAT  \\$aBATCH-UPD$b00$c20190521$lBLL01$h1431
=CAT  \\$aIPL-CLA$c20190630$lBLL01$h1526
=CAT  \\$aBATCH-UPD$b00$c20211119$lBLL01$h1549
=CAT  \\$aIPL-CLA$c20211231$lBLL01$h1537
=CFI  0\$aCurrent copyright fee: GBP34.30$c5\1$e01-jan-2022$fGBP34.30$g0$hP$5Uk
=CFI  2\$aPrevious copyright fee: GBP32.84$c5\1$e01-jul-2019$fGBP32.84$g0$hP$5Uk
=FFP  \\$aY$bBLDSS-3PM
=FIN  \\$aY
=FMT  \\$a  SE
=LAS  \\$aIPL-CLA$b00$c20211231$lBLL01$h1537
=LEO  \\$aMP1.0001530816
=LEO  \\$aMP25.0000024058
=LEO  \\$aMP22.0000002481
=LEO  \\$aMP10.0000034381
=MIS  \\$aBS
=SRC  \\$aBLS01$bbibmp1.200404.2.ab
=SRC  \\$aSRI01$bbibmp25.200404.2.aa
=SRC  \\$aISN01$bbibmp22.200404.2.aa
=SRC  \\$aDSS01$bbibmp10.200404.2.aa
=TCO  \\$aCLA$bCLA$c008
=TOC  \\$aETOC

