=LDR  05838cas a22012257a 4500
=001  009188252
=003  Uk
=005  20230210004820.0
=007  ta
=008  040419d19701979enkuu\p\\\\\\\0\\\a0eng\\
=019  c\$a2014577
=019  0\$as244788006
=022  0\$a0065-339X
=030  \\$aASBPCA
=040  \\$aUk$cUk$dUk
=084  \\$aFA 89$2blsrissc
=210  0\$aAdv. Steroid Biochem. Pharmacol.
=222  \0$aAdvances in Steroid Biochemistry and Pharmacology
=245  00$aAdvances in steroid biochemistry and pharmacology.
=260  \\$aLondon :$bAcademic Press,$c1970-1979.
=300  \\$c24cm.
=336  \\$atext$2rdacontent
=337  \\$aunmediated$2rdamedia
=338  \\$avolume$2rdacarrier
=540  \\$aCurrent Copyright Fee: GBP34.00$c0$5Uk
=595  \\$aCEASED PUBLICATION WITH VOL. 7, 1979 SEE ALSO SERIAL RECORDS BMA AND CARD INDEX.
=852  71$aBritish Library$bSTI$k(P)$hFA 89$m-E(20)$2blsrissc$31970-1979; Vol.1-7.
=852  41$aBritish Library$bDSC$j0711.583000$3Vol. 1 (1970)-v. 7 (1979)***UKRR Retained Title
=945  \\$aADVANCES IN STEROID BIOCHEMISTRY AND PHARMACOLOGY.
=959  \\$fHeld but not currently received
=963  \\$aVOL. 1, 1970- 7, 1979 *A=1$bN$cP379.C.270
=968  \\$aC
=985  \\$aRecord merged by DQ team
=985  \\$aISSN is responsibility of United States ISSN Centre, although title is published in UK (ISSN UK Centre, 9/5/07)
=A02  \\$a2014577
=ACF  \\$aPrevious Copyright Fee: GBP12.00$c0$e01-jul-2009$fGBP12.00$g0$hC$5Uk
=ACF  \\$aPrevious Copyright Fee: GBP12.00$c0$e01-apr-2009$fGBP12.00$g0$hC$5Uk
=ACF  \\$aPrevious Copyright Fee: GBP10.00$c0$e01-jan-2009$fGBP10.00$g0$hC$5Uk
=ACF  \\$aPrevious Copyright Fee: GBP8.00$c0$e01-oct-2008$fGBP8.00$g0$hC$5Uk
=ACF  \\$aPrevious Copyright Fee: GBP8.00$c0$e01-jul-2008$fGBP8.00$g0$hC$5Uk
=ACF  \\$aPrevious Copyright Fee: GBP8.00$c0$e01-apr-2008$fGBP8.00$g0$hC$5Uk
=ACF  \\$aPrevious Copyright Fee: GBP5.20$c0$e01-jan-2008$fGBP5.20$g0$hC$5Uk
=ACF  \\$aPrevious Copyright Fee: GBP5.20$c0$e01-oct-2007$fGBP5.20$g0$hC$5Uk
=ACF  \\$aPrevious Copyright Fee: GBP5.20$c0$e01-jul-2007$fGBP5.20$g0$hC$5Uk
=ACF  \\$aPrevious Copyright Fee: GBP5.33$c0$e01-apr-2007$fGBP5.33$g0$hC$5Uk
=ACF  \\$aPrevious Copyright Fee: GBP5.62$c0$e01-jan-2007$fGBP5.62$g0$hC$5Uk
=ACF  \\$aPrevious Copyright Fee: GBP5.62$c0$e01-oct-2006$fGBP5.62$g0$hC$5Uk
=ACF  \\$aPrevious Copyright Fee: GBP5.94$c0$e01-jul-2006$fGBP5.94$g0$hC$5Uk
=ACF  \\$aPrevious Copyright Fee: GBP5.94$c0$e01-apr-2006$fGBP5.94$g0$hC$5Uk
=ACF  \\$aPrevious Copyright Fee: GBP5.33$c0$e01-jan-2006$fGBP5.33$g0$hC$5Uk
=ACF  \\$aPrevious Copyright Fee: GBP5.19$c0$e01-oct-2005$fGBP5.19$g0$hC$5Uk
=ACF  \\$aPrevious Copyright Fee: GBP5.19$c0$e01-jul-2005$fGBP5.19$g0$hC$5Uk
=ACF  \\$aPrevious Copyright Fee: GBP5.19$c0$e01-apr-2005$fGBP5.19$g0$hC$5Uk
=ACF  \\$aPrevious Copyright Fee: GBP5.33$c0$e01-jan-2005$fGBP5.33$g0$hC$5Uk
=ACF  \\$aPrevious Copyright Fee: GBP5.19$c0$e01-oct-2004$fGBP5.19$g0$hC$5Uk
=ACF  \\$aPrevious copyright fee: GBP5.19$c0$e01-apr-2004$fGBP5.19$g0$hC$5Uk
=ACF  \\$aCurrent copyright fee: GBP20.59$c0$e01-jan-2004$fGBP20.59$g0$hC$5Uk
=ACF  \\$aCurrent copyright fee: GBP21.88$c0$e01-jan-2003$fGBP21.88$g0$hC$5Uk
=ACF  \\$aPrevious copyright fee: GBP10.50$c0$e01-jan-2011$fGBP10.50$g0$hA$5Uk
=ACF  \\$aPrevious copyright fee: GBP12.00$c0$e01-jan-2012$fGBP12.00$g0$hA$5Uk
=ACF  \\$aBritish Library not licensed to copy$c0$e01-jan-2013$hC$iCFP Excluded$5Uk
=ACF  \\$aPrevious Copyright Fee: GBP21.00$c0$e01-oct-2015$fGBP21.00$g0$hC$5Uk
=ACF  \\$aPrevious Copyright Fee: GBP22.50$c0$e01-jan-2016$fGBP22.50$g0$hC$5Uk
=ACF  \\$aPrevious Copyright Fee: GBP23.40$c0$e01-jan-2018$fGBP23.40$g0$hC$5Uk
=ACF  \\$aPrevious Copyright Fee: GBP34.00$c0$e01-apr-2021$fGBP34.00$g0$hC$5Uk
=CAT  \\$aCONV$b00$c20040425$lBLL90$h0658
=CAT  \\$aBATCH-CLA$b00$c20090529$lBLL01$h1702
=CAT  \\$aBATCH-UPD$b00$c20090701$lBLL01$h1948
=CAT  \\$aBATCH-UPD$b00$c20090701$lBLL01$h2029
=CAT  \\$aBATCH$b00$c20090701$lBLL01$h2050
=CAT  \\$aBATCH$b00$c20091209$lBLL01$h0404
=CAT  \\$aBATCH$b00$c20091214$lBLL01$h0344
=CAT  \\$aBATCH-UPD$b00$c20101201$lBLL01$h1221
=CAT  \\$aIPL-CLA$c20101231$lBLL01$h1248
=CAT  \\$aWR11_203$c20111204$lBLL01$h1328
=CAT  \\$aIPL-CLA$c20111230$lBLL01$h1749
=CAT  \\$aBATCH-CLA$b00$c20121104$lBLL01$h1014
=CAT  \\$aBATCH-CLA$b00$c20121130$lBLL01$h1242
=CAT  \\$aIPL-CLA$c20121231$lBLL01$h1250
=CAT  \\$aIPL-CLA$c20130102$lBLL01$h1653
=CAT  \\$aWR13.005$c20130322$lBLL01$h1930
=CAT  \\$aBATCH-CLA$b00$c20150828$lBLL01$h1541
=CAT  \\$aIPL-CLA$c20150930$lBLL01$h1747
=CAT  \\$aBATCH-CLA$b00$c20151127$lBLL01$h1630
=CAT  \\$aIPL-CLA$c20151231$lBLL01$h1909
=CAT  \\$aBATCH-CLA$b00$c20171130$lBLL01$h1704
=CAT  \\$aIPL-CLA$c20171231$lBLL01$h1427
=CAT  \\$aBATCH-CLA$b00$c20210227$lBLL01$h1014
=CAT  \\$aIPL-CLA$c20210331$lBLL01$h1835
=CAT  \\$aBATCH-CLA$b00$c20221130$lBLL01$h1452
=CAT  \\$aIPL-CLA$c20221231$lBLL01$h1906
=CAT  \\$aBATCH-CLA$b00$c20230209$lBLL01$h1539
=CAT  \\$aIPL-CLA$c20230210$lBLL01$h0048
=CFI  0\$aCurrent Copyright Fee: GBP34.00$c0$e09-feb-2023$fGBP34.00$g0$hC$5Uk
=CFI  2\$aBritish Library not licensed to copy$c0$e01-jan-2023$hC$iCFP Excluded$5Uk
=FIN  \\$aY
=FMT  \\$a  SE
=LAS  \\$aIPL-CLA$b00$c20230210$lBLL01$h0048
=LEO  \\$aMP22.0000002485
=LEO  \\$aMP25.0000097197
=LEO  \\$aMP10.0000034575
=SRC  \\$aISN01$bbibmp22.200404.2.aa
=SRC  \\$aSRI01$bbibmp25.200404.2.aa
=SRC  \\$aDSS01$bbibmp10.200404.2.aa
=TCO  \\$aCLA$bCLA$c008

