=LDR  04245cas a22009737a 4500
=001  009193806
=003  Uk
=005  20221231190730.0
=007  ta
=008  040409d19551976enkmr\p\\\s\\\0\\\a0eng\\
=019  c\$a2076025
=022  0\$a0017-3053
=040  \\$aUk$cUk$dUk
=222  \0$aGrain bulletin
=245  00$aGrain bulletin.
=260  \\$aLondon :$bIntelligence Branch of the Commonwealth Economic Committee,$c1955-1966.
=300  \\$a22 v. :$btables. ;$c33 cm.
=310  \\$aMonthly
=336  \\$atext$2rdacontent
=337  \\$aunmediated$2rdamedia
=338  \\$avolume$2rdacarrier
=362  0\$aVol. 1, no. 1 (June 1955)-v. 22, no. 12 (Dec. 1976).
=515  \\$aReport year ends May 31.
=540  \\$aCurrent Copyright Fee: GBP25.00$c0$5Uk
=550  \\$aIssued 1955-66 by the Commonwealth Economic Committee; 1967-68 by the Commonwealth Secretariat, Commodities Division (called Commodities Branch, Jan.-Feb. 1967)
=595  \\$aCEASED PUBLICATION WITH DEC. 1976.
=650  \0$aGrain trade$vPeriodicals.
=650  \0$aGrain trade$xStatistics.
=710  2\$aCommonwealth Secretariat.
=710  2\$aCommonwealth Secretariat.$bCommodities Division.
=710  2\$aCommonwealth Economic Committee.
=770  0\$tRice supplement to Grain bulletin
=852  41$aBritish Library$bHMNTS$jBS.12/41$3Vol. 3, no. 8 (Jan. 1958)-v. 22, no. 12 (Dec. 1976)
=852  41$aBritish Library$bDSC$j4208.300000
=945  \\$aGRAIN BULLETIN.
=959  \\$fHeld but not currently received
=963  \\$aVOL. 1, 1955- 22, 1976 *A=1$bN$cOP.1100.134.017
=985  \\$aResponsibility for ISSN transferred to the IC from ISSN UK, 30.10.08.
=A02  \\$a2076025
=ACF  \\$aPrevious copyright fee: GBP9.00$c0$e01-apr-2010$fGBP9.00$g0$hA$5Uk
=ACF  \\$aPrevious copyright fee: GBP6.00$c0$e01-apr-2008$fGBP6.00$g0$hA$5Uk
=ACF  \\$aPrevious copyright fee: GBP5.00$c0$e01-jul-2002$fGBP5.00$g0$hA$5Uk
=ACF  \\$aCurrent copyright fee: GBP4.40$c0$e01-jul-1998$fGBP4.40$g0$hA$5Uk
=ACF  \\$aCurrent copyright fee: GBP4.20$c0$e01-apr-1997$fGBP4.20$g0$hA$5Uk
=ACF  \\$aPrevious copyright fee: GBP10.50$c0$e01-jan-2011$fGBP10.50$g0$hA$5Uk
=ACF  \\$aPrevious copyright fee: GBP12.00$c0$e01-jan-2012$fGBP12.00$g0$hA$5Uk
=ACF  \\$aPrevious Copyright Fee: GBP12.30$c0$e01-jan-2014$fGBP12.30$g0$hA$5Uk
=ACF  \\$aPrevious Copyright Fee: GBP15.00$c0$e01-jan-2017$fGBP15.00$g0$hA$5Uk
=ACF  \\$aPrevious Copyright Fee: GBP17.50$c0$e01-jan-2018$fGBP17.50$g0$hA$5Uk
=ACF  \\$aPrevious Copyright Fee: GBP20.00$c0$e01-jan-2020$fGBP20.00$g0$hA$5Uk
=CAT  \\$aCONV$b00$c20040425$lBLL90$h0703
=CAT  \\$aBATCH-UPD$b00$c20100225$lBLL01$h2340
=CAT  \\$aBATCH-UPD$b00$c20100331$lBLL01$h2131
=CAT  \\$aBATCH-UPD$b00$c20100401$lBLL01$h0103
=CAT  \\$aBATCH$b00$c20100401$lBLL01$h0412
=CAT  \\$aBATCH$b00$c20100401$lBLL01$h1423
=CAT  \\$aBATCH-UPD$b00$c20101124$lBLL01$h1807
=CAT  \\$aBATCH-UPD$b00$c20101125$lBLL01$h1028
=CAT  \\$aIPL-CLA$c20101231$lBLL01$h1250
=CAT  \\$aWR11_203$c20111204$lBLL01$h1330
=CAT  \\$aIPL-CLA$c20111230$lBLL01$h1751
=CAT  \\$aBATCH-CLA$b00$c20121104$lBLL01$h1013
=CAT  \\$aWR13.005$c20130322$lBLL01$h1934
=CAT  \\$aBATCH-CLA$c20131217$lBLL01$h1752
=CAT  \\$aIPL-CLA$c20131231$lBLL01$h1956
=CAT  \\$aBATCH-CLA$b00$c20161222$lBLL01$h1715
=CAT  \\$aIPL-CLA$c20161230$lBLL01$h1854
=CAT  \\$aBATCH-CLA$b00$c20171222$lBLL01$h2013
=CAT  \\$aIPL-CLA$c20171231$lBLL01$h1429
=CAT  \\$aBATCH-CLA$b00$c20191219$lBLL01$h1639
=CAT  \\$aIPL-CLA$c20191231$lBLL01$h1751
=CAT  \\$aR2001-1524$c20200127$lBLL01$h1933
=CAT  \\$aBATCH-CLA$b00$c20201204$lBLL01$h1436
=CAT  \\$aIPL-CLA$c20201231$lBLL01$h1952
=CAT  \\$aBATCH-CLA$b00$c20221221$lBLL01$h1741
=CAT  \\$aIPL-CLA$c20221231$lBLL01$h1907
=CFI  0\$aCurrent Copyright Fee: GBP25.00$c0$e01-jan-2023$fGBP25.00$g0$hA$5Uk
=CFI  2\$aPrevious Copyright Fee: GBP22.50$c0$e01-jan-2021$fGBP22.50$g0$hA$5Uk
=FIN  \\$aY
=FMT  \\$a  SE
=LAS  \\$aIPL-CLA$b00$c20221231$lBLL01$h1907
=LEO  \\$aMP10.0000252239
=SRC  \\$aDSS01$bbibmp10.200404.2.aa
=TCO  \\$aCLA$bCLA$c008

