=LDR  03726cas a22008653  4500
=001  009202529
=003  Uk
=005  20221231190907.0
=007  ta
=008  040409d196u197uenkqr\p\\\\\\\0\\\a0eng\\
=019  c\$a2078498
=022  0\$a0018-1307
=040  \\$aUk$cUk$dUk
=222  \0$aHides and skins quarterly
=245  00$aHides and skins quarterly.
=260  \\$aLondon :$bCommonwealth Secretariat
=336  \\$atext$2rdacontent
=337  \\$aunmediated$2rdamedia
=338  \\$avolume$2rdacarrier
=540  \\$aCurrent Copyright Fee: GBP25.00$c0$5Uk
=595  \\$aCONTD AS 4303.714 CHANGE BETWEEN VOL. 16(4), 1976 AND DEC. 1978.
=780  00$tHides and skins (1961)
=785  00$tHides and skins$x0142-1891
=852  41$aBritish Library$bDSC$j4303.720000
=852  41$aBritish Library$bHMNTS$jBS.12/45$3VOL. 1, 1961/62- VOL. 16, 1976; 1979-1985 PT.1 (SOME ISSUES SINCE 1977 MISSING)
=945  \\$aHIDES AND SKINS QUARTERLY.
=959  \\$fHeld but not currently received
=963  \\$aVOL 1, 1961- 16, 1976 *A=1$bN$cOP.1100.134.021
=985  \\$aResponsibility for ISSN transferred to the IC from ISSN UK, 30.10.08
=A02  \\$a2078498
=ACF  \\$aPrevious copyright fee: GBP9.00$c0$e01-apr-2010$fGBP9.00$g0$hA$5Uk
=ACF  \\$aPrevious copyright fee: GBP6.00$c0$e01-apr-2008$fGBP6.00$g0$hA$5Uk
=ACF  \\$aPrevious copyright fee: GBP5.00$c0$e01-jul-2002$fGBP5.00$g0$hA$5Uk
=ACF  \\$aCurrent copyright fee: GBP4.40$c0$e01-jul-1998$fGBP4.40$g0$hA$5Uk
=ACF  \\$aCurrent copyright fee: GBP4.20$c0$e01-apr-1997$fGBP4.20$g0$hA$5Uk
=ACF  \\$aPrevious copyright fee: GBP10.50$c0$e01-jan-2011$fGBP10.50$g0$hA$5Uk
=ACF  \\$aPrevious copyright fee: GBP12.00$c0$e01-jan-2012$fGBP12.00$g0$hA$5Uk
=ACF  \\$aPrevious Copyright Fee: GBP12.30$c0$e01-jan-2014$fGBP12.30$g0$hA$5Uk
=ACF  \\$aPrevious Copyright Fee: GBP15.00$c0$e01-jan-2017$fGBP15.00$g0$hA$5Uk
=ACF  \\$aPrevious Copyright Fee: GBP17.50$c0$e01-jan-2018$fGBP17.50$g0$hA$5Uk
=ACF  \\$aPrevious Copyright Fee: GBP20.00$c0$e01-jan-2020$fGBP20.00$g0$hA$5Uk
=CAT  \\$aCONV$b00$c20040425$lBLL90$h0704
=CAT  \\$aBATCH-UPD$b00$c20100225$lBLL01$h2343
=CAT  \\$aBATCH-UPD$b00$c20100331$lBLL01$h2134
=CAT  \\$aBATCH-UPD$b00$c20100401$lBLL01$h0105
=CAT  \\$aBATCH$b00$c20100401$lBLL01$h0414
=CAT  \\$aBATCH$b00$c20100401$lBLL01$h1426
=CAT  \\$aBATCH-UPD$b00$c20101124$lBLL01$h1810
=CAT  \\$aBATCH-UPD$b00$c20101125$lBLL01$h1031
=CAT  \\$aIPL-CLA$c20101231$lBLL01$h1253
=CAT  \\$aWR11_203$c20111204$lBLL01$h1333
=CAT  \\$aIPL-CLA$c20111230$lBLL01$h1754
=CAT  \\$aBATCH-CLA$b00$c20121104$lBLL01$h1011
=CAT  \\$aWR13.005$c20130322$lBLL01$h1938
=CAT  \\$aBATCH-CLA$c20131217$lBLL01$h1755
=CAT  \\$aIPL-CLA$c20131231$lBLL01$h2000
=CAT  \\$aBATCH-CLA$b00$c20161222$lBLL01$h1716
=CAT  \\$aIPL-CLA$c20161230$lBLL01$h1856
=CAT  \\$aBATCH-CLA$b00$c20171222$lBLL01$h2015
=CAT  \\$aIPL-CLA$c20171231$lBLL01$h1431
=CAT  \\$aBATCH-CLA$b00$c20191219$lBLL01$h1640
=CAT  \\$aIPL-CLA$c20191231$lBLL01$h1753
=CAT  \\$aR2001-1524$c20200127$lBLL01$h1933
=CAT  \\$aBATCH-CLA$b00$c20201204$lBLL01$h1437
=CAT  \\$aIPL-CLA$c20201231$lBLL01$h1954
=CAT  \\$aBATCH-CLA$b00$c20221221$lBLL01$h1742
=CAT  \\$aIPL-CLA$c20221231$lBLL01$h1909
=CFI  0\$aCurrent Copyright Fee: GBP25.00$c0$e01-jan-2023$fGBP25.00$g0$hA$5Uk
=CFI  2\$aPrevious Copyright Fee: GBP22.50$c0$e01-jan-2021$fGBP22.50$g0$hA$5Uk
=FIN  \\$aY
=FMT  \\$a  SE
=LAS  \\$aIPL-CLA$b00$c20221231$lBLL01$h1909
=LEO  \\$aMP10.0000264674
=SRC  \\$aDSS01$bbibmp10.200404.2.aa
=TCO  \\$aCLA$bCLA$c008

