=LDR  05751cas a2201309 a 4500
=001  009203990
=003  Uk
=005  20221231143627.0
=006  aa\\\|||||||||||||
=007  ta
=008  840806c19839999enkqr\p\\\\\\\0\\\a0eng\\
=015  \\$aGB8428561$2bnb
=019  y\$ab8428561
=019  9\$ab8428561
=019  1\$ab8428561
=019  0\$as523720009
=019  c\$a2227734
=022  0\$a0734-1512
=039  0\$a1802
=040  \\$aUk$beng$cUk$dUk
=041  0\$aeng$bfre
=042  \\$aukblsr
=050  00$aT14.5
=082  04$a306.4605$219
=084  \\$aBW 60$2blsrissc
=222  \0$aHistory and technology
=245  00$aHistory and technology :$ban international journal.
=260  \\$aChur ;$aLondon :$bHarwood Academic,$c1983-
=264  31$aAbingdon :$bRoutledge, an imprint of Taylor and Francis, an Informa business
=300  \\$av. :$bill. ;$c23 cm.
=310  \\$aQuarterly
=336  \\$atext$2rdacontent
=337  \\$aunmediated$2rdamedia
=338  \\$avolume$2rdacarrier
=362  0\$aVol. 1, no. 1 (1983)-
=540  \\$aCurrent copyright fee: GBP37.00$c2\0$5Uk
=546  \\$aText mainly in English, but also in French.
=588  \\$aLatest issue consulted: volume 29, number 4 (December 2013).
=650  \0$aTechnology$xSocial aspects$vPeriodicals.
=653  \\$aTechnology$aSocial aspects$aSerials
=776  0\$tHistory and technology (Online)$x1477-2620
=852  41$aBritish Library$bDSC$j4317.840000$3Vol. 1 (1983)-v. 22 (2006)
=852  71$aBritish Library$bSTI$k(P)$hBW 60$m-E(12)$2blsrissc$3Vol. 1 (1983)-Vol. 21, No. 4 (2005)
=852  41$aBritish Library$bHMNTS$jP.621/964$3Vol. 1, no.1 (1983)-v. 31, no. 4 (2015)***title now taken as electronic copy only
=856  \\$31850-9999$uhttp://www.tandfonline.com/$xBLDSS
=945  \\$aHISTORY AND TECHNOLOGY.
=959  \\$fHeld but not currently received
=963  \\$aVOL. 1, 1983- 9, 1992 *A=1$bY$cP420.C.89
=964  \\$aVOL. 1, 1983- *A=1$c93$dO$eJH5337
=985  \\$aISSN note: responsibility for ISSN transferred from ISSN UK Centre to U.S. ISSN Centre in accordance with multinational publisher agreement. 01.05.2014.
=A02  \\$a2227734
=ACF  \\$aPrevious copyright fee: GBP17.00$c2\0$e01-jan-2010$fGBP17.00$g0$hP$5Uk
=ACF  \\$aPrevious copyright fee: GBP16.00$c2\0$e01-jan-2009$fGBP16.00$g0$hP$5Uk
=ACF  \\$aPrevious copyright fee: GBP15.00$c2\0$e01-apr-2008$fGBP15.00$g0$hP$5Uk
=ACF  \\$aPrevious copyright fee: GBP16.00$c2\0$e01-jan-2007$fGBP16.00$g0$hP$5Uk
=ACF  \\$aPrevious copyright fee: GBP13.00$c2\0$e01-jan-2005$fGBP13.00$g0$hP$5Uk
=ACF  \\$aPrevious copyright fee: GBP11.00$c2\0$e01-jan-2004$fGBP11.00$g0$hP$5Uk
=ACF  \\$aCurrent copyright fee: GBP10.00$c2\0$e07-may-2002$fGBP10.00$g0$hP$5Uk
=ACF  \\$aCurrent copyright fee: GBP2.50$c0$e01-jul-1999$fGBP2.50$g0$hC$5Uk
=ACF  \\$aPrevious copyright fee: GBP21.00$c2\0$e01-jan-2011$fGBP21.00$g0$hP$5Uk
=ACF  \\$aPrevious copyright fee: GBP23.00$c2\0$e01-jan-2012$fGBP23.00$g0$hP$5Uk
=ACF  \\$aPrevious copyright fee: GBP23.50$c2\0$e01-jan-2013$fGBP23.50$g0$hP$5Uk
=ACF  \\$aPrevious copyright fee: GBP24.00$c2\0$e01-jan-2014$fGBP24.00$g0$hP$5Uk
=ACF  \\$aPrevious copyright fee: GBP25.00$c2\0$e01-jan-2015$fGBP25.00$g0$hP$5Uk
=ACF  \\$aPrevious copyright fee: GBP26.00$c2\0$e01-jan-2016$fGBP26.00$g0$hP$5Uk
=ACF  \\$aPrevious copyright fee: GBP28.00$c2\0$e01-jan-2017$fGBP28.00$g0$hP$5Uk
=ACF  \\$aPrevious copyright fee: GBP30.00$c2\0$e01-jan-2018$fGBP30.00$g0$hP$5Uk
=ACF  \\$aPrevious copyright fee: GBP32.00$c2\0$e01-jan-2019$fGBP32.00$g0$hP$5Uk
=ACF  \\$aPrevious copyright fee: GBP34.00$c2\0$e01-jan-2020$fGBP34.00$g0$hP$5Uk
=CAT  \\$aCONV$b00$c20040425$lBLL90$h0704
=CAT  \\$aBATCH-CLA$c20140225$lBLL01$h2315
=CAT  \\$a11205$b40$c20140429$lBLL01$h1613
=CAT  \\$a11315$b40$c20140501$lBLL01$h1145
=CAT  \\$a11315$b40$c20140501$lBLL01$h1318
=CAT  \\$a11315$b40$c20140501$lBLL01$h1340
=CAT  \\$aWR14_140$c20140905$lBLL01$h1733
=CAT  \\$aBATCH-UPD$b00$c20141124$lBLL01$h1800
=CAT  \\$aBLDSS-3PM$b00$c20141130$lBLL01$h1245
=CAT  \\$aIPL-CLA$c20141231$lBLL01$h1643
=CAT  \\$aBATCH-UPD$b00$c20151119$lBLL01$h1541
=CAT  \\$aIPL-CLA$c20151231$lBLL01$h1909
=CAT  \\$aBATCH-UPD$b00$c20160413$lBLL01$h1805
=CAT  \\$aBATCH-UPD$b00$c20161122$lBLL01$h1510
=CAT  \\$aBATCH-UPD$b00$c20161122$lBLL01$h1559
=CAT  \\$aIPL-CLA$c20161230$lBLL01$h1856
=CAT  \\$aBATCH-UPD$b00$c20171121$lBLL01$h1645
=CAT  \\$aIPL-CLA$c20171231$lBLL01$h1431
=CAT  \\$aBATCH-UPD$b00$c20181217$lBLL01$h1636
=CAT  \\$aIPL-CLA$c20181231$lBLL01$h1535
=CAT  \\$aBATCH-UPD$b00$c20191122$lBLL01$h1858
=CAT  \\$aIPL-CLA$c20191231$lBLL01$h1753
=CAT  \\$aBATCH-UPD$b00$c20201118$lBLL01$h1332
=CAT  \\$aIPL-CLA$c20201231$lBLL01$h1521
=CAT  \\$aBATCH-UPD$b00$c20221121$lBLL01$h1345
=CAT  \\$aIPL-CLA$c20221231$lBLL01$h1436
=CFI  0\$aCurrent copyright fee: GBP37.00$c2\0$e01-jan-2023$fGBP37.00$g0$hP$5Uk
=CFI  2\$aPrevious copyright fee: GBP35.00$c2\0$e01-jan-2021$fGBP35.00$g0$hP$5Uk
=FFP  \\$aY$bBLDSS-3PM
=FIN  \\$aY
=FMT  \\$a  SE
=LAS  \\$aIPL-CLA$b00$c20221231$lBLL01$h1436
=LEO  \\$aMP10.0000266743
=LEO  \\$aMP5.0000748601
=LEO  \\$aMP13.0000276686
=LEO  \\$aMP25.0000214784
=LKR  \\$aPAR$b013360821$lBLL01$r776$mHistory and technology$nHistory and technology (Online)
=SRC  \\$aBNB03$bbibmp5.200404.2.ab
=SRC  \\$aHSS01$bbibmp13.200404.2.aa
=SRC  \\$aSRI01$bbibmp25.200404.2.aa
=SRC  \\$aDSS01$bbibmp10.200404.2.aa
=TCO  \\$aCLA$bCLA$c008
=TOC  \\$aETOC

