=LDR  05045cas a2201237 a 4500
=001  009207052
=003  Uk
=005  20211231153718.0
=007  ta
=008  040409c19999999enkqr\p\\\\\\\0\\\a0eng\\
=015  \\$aGB9956717$2bnb
=019  c\$a2584083
=019  y\$ab9956717
=019  9\$ab9956717
=019  0\$as650269004
=022  0\$a1365-182X
=039  0\$a2555
=040  \\$aUk$beng$cUk$dUk
=042  \\$aukblsr
=082  04$a616.362005$221
=084  \\$aGV 61$2blsrissc
=084  \\$aGU 09$2blsrissc
=210  0\$aHPB$b(Oxf.)
=222  \0$aHPB$b(Oxford)
=245  00$aHPB.
=246  3\$aHepato pancreato biliary
=260  \\$aBasingstoke :$bTaylor & Francis
=264  31$3[2016]-$a[Chichester?] :$b[Elsevier]
=300  \\$av. :$bill. (some col.) ;$c28 cm.
=310  \\$aQuarterly
=336  \\$atext$2rdacontent
=337  \\$aunmediated$2rdamedia
=338  \\$avolume$2rdacarrier
=362  0\$aVol. 1, no. 1 (1999)-
=500  \\$aThe official journal of the International Hepato Pancreato Biliary Association.
=540  \\$aCurrent copyright fee: GBP34.30$c5\1$5Uk
=650  \0$aLiver$xDiseases$vPeriodicals.
=650  \0$aBiliary tract$xDiseases$vPeriodicals.
=650  \0$aPancreas$xDiseases$vPeriodicals.
=710  2\$aInternational Hepato-Pancreato-Biliary Association.
=770  0\$tHPB. Supplement$x1651-5323
=776  0\$tHPB (Online)$x1477-2574
=852  41$aBritish Library$bDSC$j4335.262340$3Volume 1 (1999)-Volume 8, Number 6 (2006)
=852  71$aBritish Library$bSTI$k(P)$hGV 61$m-E(12)$2blsrissc$3Vol. 1 (1999)-v. 15, no. 5 (2013)***title now taken as electronic copy only
=856  \\$31850-9999$uhttp://onlinelibrary.wiley.com/$xBLDSS
=945  \\$aHPB -Oxford-
=959  \\$fHeld but not currently received
=963  \\$aCA/M-7 VOL. 1, 1999- *A=1$bN
=985  \\$aRecord merged by DQ team
=985  \\$aResponsibility for ISSN transferred to ISSN Netherlands Centre from the ISSN UK Centre, August 2, 2017.
=A02  \\$a2584083
=ACF  \\$aCurrent copyright fee: GBP17.00$c35\0$e01-jan-2009$fGBP17.00$g0$hP$5Uk
=ACF  \\$aPrevious copyright fee: GBP19.00$c2\0$e09-oct-2008$fGBP19.00$g0$hP$5Uk
=ACF  \\$aBritish Library not licensed to copy$c0$e01-oct-2008$hC$iCLA Excluded$5Uk
=ACF  \\$aPrevious Copyright Fee: GBP18.00$c0$e01-jan-2005$fGBP18.00$g0$hC$5Uk
=ACF  \\$aPrevious Copyright Fee: GBP15.00$c0$e01-oct-2004$fGBP15.00$g0$hC$5Uk
=ACF  \\$aPrevious copyright fee: GBP15.00$c0$e01-jan-2004$fGBP15.00$g0$hC$5Uk
=ACF  \\$aCurrent copyright fee: GBP13.00$c0$e01-oct-2002$fGBP13.00$g0$hC$5Uk
=ACF  \\$aCurrent copyright fee: GBP5.00$c0$e01-jul-2002$fGBP5.00$g0$hC$5Uk
=ACF  \\$aPrevious copyright fee: GBP17.00$c35\0$e07-jun-2010$fGBP17.00$g0$hP$5Uk
=ACF  \\$aPrevious copyright fee: GBP24.00$c35\0$e01-mar-2015$fGBP24.00$g0$hP$5Uk
=ACF  \\$aPrevious copyright fee: GBP22.00$c35\0$e01-jan-2011$fGBP22.00$g0$hP$5Uk
=ACF  \\$aPrevious copyright fee: GBP22.50$c5\1$e11-dec-2015$fGBP22.50$g0$hP$5Uk
=ACF  \\$aPrevious copyright fee: GBP23.40$c5\1$e01-jan-2018$fGBP23.40$g0$hP$5Uk
=CAT  \\$aCONV$b00$c20040425$lBLL90$h0704
=CAT  \\$a5997$b40$c20100203$lBLL01$h1333
=CAT  \\$a5997$b40$c20100203$lBLL01$h1335
=CAT  \\$a8464$b40$c20100607$lBLL01$h1456
=CAT  \\$a8464$b40$c20100607$lBLL01$h1458
=CAT  \\$a5552$b40$c20101027$lBLL01$h0901
=CAT  \\$aBATCH-UPD$b40$c20101116$lBLL01$h1334
=CAT  \\$aIPL-CLA$c20101231$lBLL01$h1254
=CAT  \\$a8874$b40$c20110408$lBLL01$h1119
=CAT  \\$aBATCH-CLA$b00$c20121104$lBLL01$h1011
=CAT  \\$a8874$b40$c20130520$lBLL01$h1121
=CAT  \\$aBATCH-CLA$b00$c20140125$lBLL01$h1319
=CAT  \\$aBATCH-CLA$c20140225$lBLL01$h2315
=CAT  \\$aWR14_140$c20140905$lBLL01$h1733
=CAT  \\$aBLDSS-3PM$b00$c20141214$lBLL01$h1519
=CAT  \\$aBATCH-UPD$b00$c20150215$lBLL01$h1652
=CAT  \\$aIPL-CLA$c20150228$lBLL01$h2042
=CAT  \\$a5552$b40$c20151211$lBLL01$h0910
=CAT  \\$aBATCH-UPD$b40$c20160413$lBLL01$h1805
=CAT  \\$a11205$b40$c20170802$lBLL01$h1209
=CAT  \\$aBATCH-UPD$b40$c20171121$lBLL01$h1739
=CAT  \\$aIPL-CLA$c20171231$lBLL01$h1432
=CAT  \\$aBATCH-UPD$b00$c20190521$lBLL01$h1431
=CAT  \\$aIPL-CLA$c20190630$lBLL01$h1527
=CAT  \\$aBATCH-UPD$b00$c20211119$lBLL01$h1549
=CAT  \\$aIPL-CLA$c20211231$lBLL01$h1537
=CFI  0\$aCurrent copyright fee: GBP34.30$c5\1$e01-jan-2022$fGBP34.30$g0$hP$5Uk
=CFI  2\$aPrevious copyright fee: GBP32.84$c5\1$e01-jul-2019$fGBP32.84$g0$hP$5Uk
=FFP  \\$aY$bBLDSS-3PM
=FIN  \\$aY
=FMT  \\$a  SE
=LAS  \\$aIPL-CLA$b00$c20211231$lBLL01$h1537
=LEO  \\$aMP5.0001511405
=LEO  \\$aMP25.0000332786
=LEO  \\$aMP22.0000051879
=LEO  \\$aMP10.0000270950
=SRC  \\$aBNB03$bbibmp5.200404.2.ac
=SRC  \\$aSRI01$bbibmp25.200404.2.aa
=SRC  \\$aISN01$bbibmp22.200404.2.aa
=SRC  \\$aDSS01$bbibmp10.200404.2.aa
=TCO  \\$aCLA$bCLA$c008
=TOC  \\$aETOC

