=LDR  05451cas a2201237 a 4500
=001  009208468
=003  Uk
=005  20221231143632.0
=007  ta
=008  820414c19829999enkqr\p\\\\\\\0\\\a0eng\\
=019  1\$ar6845210
=019  0\$as205313035
=019  c\$a2213675
=022  0\$a0262-6667
=040  \\$aUk$cUk$dUk
=041  0\$aeng$bfre
=050  00$aGB651
=082  04$a551.4805$219
=084  \\$aOM 00$2blsrissc
=210  0\$aHydrol. sci. j.
=222  \0$aHydrological sciences journal
=245  00$aHydrological sciences journal =$bJournal des sciences hydrologiques.
=246  31$aJournal des sciences hydrologiques
=260  \\$aOxford :$bpublished for the International Association of Hydrological Sciences by Blackwell,$c1982-
=264  31$aAbingdon :$bTaylor and Francis
=300  \\$av. :$bill. (some col.), maps (some col.) ;$c25 cm.
=310  \\$aQuarterly
=336  \\$atext$2rdacontent
=337  \\$aunmediated$2rdamedia
=338  \\$avolume$2rdacarrier
=362  0\$aVol. 27, no.1 (Mar. 1982)-
=540  \\$aCurrent copyright fee: GBP43.00$c2\0$5Uk
=550  \\$aPublished for the International Association of Hydrological Sciences.
=588  \\$aLatest issue consulted: volume 59, issues 9/10 (October 2014).
=595  \\$aFORMERLY 4347.628 UP TO VOL. 26(4), 1981.
=650  \0$aHydrology$vPeriodicals.
=653  \\$aHydrology$aSerials
=710  2\$aInternational Association of Hydrological Sciences.
=776  0\$tHydrological sciences journal$c(Online)$x2150-3435
=780  00$tHydrological sciences bulletin$x0303-6936
=852  71$aBritish Library$bSTI$k(P)$hOM 00$m-E(6)$2blsrissc$3Vol. 27 (1982)-v. 60, issue 11/12 (2015)***title now taken as electronic copy only***Deficient: v. 33, no. 3/4 (1988); v. 34, no. 1/2 (1989)
=852  41$aBritish Library$bHMNTS$jP.611/783$3Another copy of v.27-29
=852  41$aBritish Library$bDSC$j4347.628100$3Vol. 27, no. 1 (1982)-v. 56, issue 8 (2011)***UKRR Retained Title
=856  \\$31850-9999$uhttp://www.tandfonline.com/$xBLDSS
=886  2\$2blmarc$a029$b00$aS205313027
=945  \\$aHydrological sciences journal.
=957  \\$a820413c
=959  \\$fHeld but not currently received
=963  \\$aVOL. 27, 1982- *A=1$bY$cP692.C.29
=964  \\$aVOL. 27, 1982- 32, 1987 *A=1$c556$dO$eTB8873
=985  \\$aRecord merged by SUNCAT team
=985  \\$aISSN note: responsibility for ISSN transferred to US ISSN Center (multinational publisher agreement). 19.11.14.
=ACF  \\$aBritish Library not licensed to copy$c0$e28-oct-2011$hC$iCLA Excluded$5Uk
=ACF  \\$aPrevious copyright fee: GBP23.00$c2\0$e01-jan-2012$fGBP23.00$g0$hP$5Uk
=ACF  \\$aPrevious copyright fee: GBP27.00$c2\0$e08-nov-2012$fGBP27.00$g0$hP$5Uk
=ACF  \\$aPrevious copyright fee: GBP27.50$c2\0$e01-jan-2013$fGBP27.50$g0$hP$5Uk
=ACF  \\$aPrevious copyright fee: GBP28.00$c2\0$e01-jan-2014$fGBP28.00$g0$hP$5Uk
=ACF  \\$aPrevious copyright fee: GBP30.00$c2\0$e01-jan-2015$fGBP30.00$g0$hP$5Uk
=ACF  \\$aPrevious copyright fee: GBP34.00$c2\0$e01-jan-2016$fGBP34.00$g0$hP$5Uk
=ACF  \\$aPrevious copyright fee: GBP31.00$c2\0$e01-apr-2016$fGBP31.00$g0$hP$5Uk
=ACF  \\$aPrevious copyright fee: GBP33.00$c2\0$e01-jan-2017$fGBP33.00$g0$hP$5Uk
=ACF  \\$aPrevious copyright fee: GBP35.00$c2\0$e01-jan-2018$fGBP35.00$g0$hP$5Uk
=ACF  \\$aPrevious copyright fee: GBP37.00$c2\0$e01-jan-2019$fGBP37.00$g0$hP$5Uk
=ACF  \\$aPrevious copyright fee: GBP39.00$c2\0$e01-jan-2020$fGBP39.00$g0$hP$5Uk
=CAT  \\$aCONV$b00$c20040425$lBLL90$h0704
=CAT  \\$aBATCH-UPD$b40$c20141124$lBLL01$h1752
=CAT  \\$aBLDSS-3PM$b00$c20141130$lBLL01$h1245
=CAT  \\$aIPL-CLA$c20141231$lBLL01$h1643
=CAT  \\$aBATCH-UPD$b00$c20151119$lBLL01$h1533
=CAT  \\$aIPL-CLA$c20151231$lBLL01$h1909
=CAT  \\$a8478$b40$c20160128$lBLL01$h0854
=CAT  \\$a8478$b40$c20160128$lBLL01$h0949
=CAT  \\$a8478$b40$c20160128$lBLL01$h1118
=CAT  \\$a8478$b40$c20160128$lBLL01$h1219
=CAT  \\$a5110$b40$c20160208$lBLL01$h1226
=CAT  \\$a5552$b40$c20160302$lBLL01$h1129
=CAT  \\$aIPL-CLA$c20160331$lBLL01$h1705
=CAT  \\$aBATCH-UPD$b00$c20161122$lBLL01$h1504
=CAT  \\$aBATCH-UPD$b00$c20161122$lBLL01$h1528
=CAT  \\$aIPL-CLA$c20161230$lBLL01$h1858
=CAT  \\$aBATCH-UPD$b00$c20171121$lBLL01$h1654
=CAT  \\$aIPL-CLA$c20171231$lBLL01$h1432
=CAT  \\$aBATCH-UPD$b00$c20181217$lBLL01$h1643
=CAT  \\$aIPL-CLA$c20181231$lBLL01$h1535
=CAT  \\$aBATCH-UPD$b00$c20191122$lBLL01$h1905
=CAT  \\$aIPL-CLA$c20191231$lBLL01$h1754
=CAT  \\$aBATCH-UPD$b00$c20201118$lBLL01$h1339
=CAT  \\$aIPL-CLA$c20201231$lBLL01$h1521
=CAT  \\$aBATCH-UPD$b00$c20221121$lBLL01$h1338
=CAT  \\$aIPL-CLA$c20221231$lBLL01$h1436
=CFI  0\$aCurrent copyright fee: GBP43.00$c2\0$e01-jan-2023$fGBP43.00$g0$hP$5Uk
=CFI  2\$aPrevious copyright fee: GBP41.00$c2\0$e01-jan-2021$fGBP41.00$g0$hP$5Uk
=FFP  \\$aY$bBLDSS-3PM
=FIN  \\$aY
=FMT  \\$a  SE
=LAS  \\$aIPL-CLA$b00$c20221231$lBLL01$h1436
=LEO  \\$aMP13.0001185492
=LEO  \\$aMP22.0000010584
=LEO  \\$aMP25.0000077101
=LEO  \\$aMP10.0000272981
=SRC  \\$aHSS01$bbibmp13.200404.2.ab
=SRC  \\$aISN01$bbibmp22.200404.2.aa
=SRC  \\$aSRI01$bbibmp25.200404.2.aa
=SRC  \\$aDSS01$bbibmp10.200404.2.aa
=TCO  \\$aCLA$bCLA$c008
=TOC  \\$aETOC

