=LDR  04235 as a2201021 a 4500
=001  009208772
=003  Uk
=005  20060511085306.0
=006  aa\\\|||||||||||||
=008  860624c19uu9999stk\x\p\\\\\\\0\\\a0eng\\
=019  c\$a2080420
=019  1\$ar6817262
=022  0\$a0536-1095
=040  \\$aUk$beng$cUk$dUk
=050  00$aQC802.A1
=082  04$a551$219
=222  \0$aIAGA news
=245  00$aIAGA news.
=246  1\$aInternational Association of Geomagnetism and Aeronomy news
=260  \\$aAberdeen :$bInternational Association of Geomagnetism and Aeronomy,$c[19_]-
=300  \\$av. :$bill. ;$c21cm.
=310  \\$aIrregular
=336  \\$atext$2rdacontent
=337  \\$aunmediated$2rdamedia
=338  \\$avolume$2rdacarrier
=362  0\$aNo.1 ([19_])-
=500  \\$aDescription based on: No.23 (Nov. 1984)
=540  \\$aBritish Library not licensed to copy$c0$5Uk
=650  \0$aGeophysics.
=653  \\$aGeophysics$aSerials
=710  2\$aInternational Association of Geomagnetism and Aeronomy.
=852  41$aBritish Library$bDSC$j4359.516000
=852  41$aBritish Library$bHMNTS$jZC.9.a.95$3Holdings: no.23 (Nov. 1984)-
=886  2\$2ukmarc$a910$b20$aIAGA$xSee$aInternational Association of Geomagnetism and Aeronomy$z710
=945  \\$aIAGA NEWS.
=957  \\$a850308c
=959  \\$fHeld but not currently received
=985  \\$aRecord merged by SUNCAT team
=985  \\$aISSN responsibility held by the US Centre.
=A02  \\$a2080420
=ACF  \\$aPrevious copyright fee: GBP9.00$c0$e01-apr-2010$fGBP9.00$g0$hA$5Uk
=ACF  \\$aPrevious copyright fee: GBP6.00$c0$e01-apr-2008$fGBP6.00$g0$hA$5Uk
=ACF  \\$aPrevious copyright fee: GBP5.00$c0$e01-jul-2002$fGBP5.00$g0$hA$5Uk
=ACF  \\$aCurrent copyright fee: GBP4.40$c0$e01-jul-1998$fGBP4.40$g0$hA$5Uk
=ACF  \\$aCurrent copyright fee: GBP4.20$c0$e01-apr-1997$fGBP4.20$g0$hA$5Uk
=ACF  \\$aPrevious copyright fee: GBP10.50$c0$e01-jan-2011$fGBP10.50$g0$hA$5Uk
=ACF  \\$aPrevious copyright fee: GBP12.00$c0$e01-jan-2012$fGBP12.00$g0$hA$5Uk
=ACF  \\$aBritish Library not licensed to copy$c0$e01-jan-2013$hC$iCFP Excluded$5Uk
=ACF  \\$aBritish Library not licensed to copy$c0$e01-apr-2013$hC$iCFP Excluded$5Uk
=ACF  \\$aBritish Library not licensed to copy$c0$e01-jul-2013$hC$iCFP Excluded$5Uk
=ACF  \\$aBritish Library not licensed to copy$c0$e01-oct-2013$hC$iCFP Excluded$5Uk
=ACF  \\$aBritish Library not licensed to copy$c0$e01-jan-2014$hC$iCFP Excluded$5Uk
=CAT  \\$aCONV$b00$c20040425$lBLL90$h0704
=CAT  \\$aBATCH$b00$c20100401$lBLL01$h0415
=CAT  \\$aBATCH$b00$c20100401$lBLL01$h1428
=CAT  \\$aBATCH-UPD$b00$c20101124$lBLL01$h1812
=CAT  \\$aBATCH-UPD$b00$c20101125$lBLL01$h1032
=CAT  \\$aIPL-CLA$c20101231$lBLL01$h1255
=CAT  \\$aWR11_203$c20111204$lBLL01$h1334
=CAT  \\$aIPL-CLA$c20111230$lBLL01$h1756
=CAT  \\$aBATCH-CLA$b00$c20121104$lBLL01$h1010
=CAT  \\$aBATCH-CLA$b00$c20121130$lBLL01$h1238
=CAT  \\$aIPL-CLA$c20121231$lBLL01$h1251
=CAT  \\$aIPL-CLA$c20130102$lBLL01$h1654
=CAT  \\$aBATCH-CLA$b00$c20130228$lBLL01$h1709
=CAT  \\$aWR13.005$c20130322$lBLL01$h1942
=CAT  \\$aIPL-CLA$c20130331$lBLL01$h1045
=CAT  \\$a540_fix$c20130403$lBLL01$h2006
=CAT  \\$aBATCH-CLA$b00$c20130531$lBLL01$h1649
=CAT  \\$aIPL-CLA$c20130701$lBLL01$h0014
=CAT  \\$aBATCH-CLA$b00$c20130830$lBLL01$h1626
=CAT  \\$aIPL-CLA$c20130930$lBLL01$h1725
=CAT  \\$aBATCH-CLA$b00$c20131129$lBLL01$h1654
=CAT  \\$aIPL-CLA$c20131231$lBLL01$h2003
=CAT  \\$aBATCH-CLA$b00$c20140228$lBLL01$h1614
=CAT  \\$aIPL-CLA$c20140331$lBLL01$h1619
=CAT  \\$aBATCH-CLA$b00$c20140530$lBLL01$h1710
=CAT  \\$aIPL-CLA$c20140630$lBLL01$h1702
=CFI  0\$aBritish Library not licensed to copy$c0$e01-jul-2014$hC$iCFP Excluded$5Uk
=CFI  2\$aBritish Library not licensed to copy$c0$e01-apr-2014$hC$iCFP Excluded$5Uk
=FIN  \\$aY
=FMT  \\$a  SE
=LAS  \\$aIPL-CLA$b00$c20140630$lBLL01$h1702
=LEO  \\$aMP13.0001161872
=LEO  \\$aMP10.0000273469
=SRC  \\$aHSS01$bbibmp13.200404.2.ab
=SRC  \\$aDSS01$bbibmp10.200404.2.aa
=TCO  \\$aCLA$bCLA$c008

