=LDR  05847cas a2201345ua 4500
=001  009216642
=003  Uk
=005  20221231143636.0
=007  ta
=008  040410c19959999ne\fr\p\\\\\\\0\\\a0eng\\
=015  \\$aGB9589704$2bnb
=019  c\$a2519227
=019  y\$ab9589704
=019  9\$ab9589704
=019  1\$ab9589704
=022  0\$a1356-4765
=039  0\$a2366
=040  \\$aUk$cUk$dUk
=082  04$a340.115$220
=130  0\$aRes publica (Liverpool, England)
=210  0\$aRes Publica$b(Liverp.)
=222  \0$aRes Publica$b(Liverpool)
=245  10$aRes publica.
=246  3\$aRes publica (Dordrecht)
=260  \\$aLiverpool (173 Mather Ave., Liverpool L18 6JZ) :$bDeborah Charles Publications,$c1995-
=260  3\$aDordrecht :$bKluwer
=300  \\$av. ;$c24 cm.
=310  \\$aTwo issues yearly
=336  \\$atext$2rdacontent
=337  \\$aunmediated$2rdamedia
=338  \\$avolume$2rdacarrier
=362  0\$aVol.1, no.1 (1995)-
=500  \\$aDescription based on: Vol. 1, no. 2 (1995)
=540  \\$aCurrent copyright fee: GBP29.95$c22\1$5Uk
=650  \0$aBioethics$vPeriodicals.
=650  \0$aPublic interest$vPeriodicals.
=650  \0$aCommon good$vPeriodicals.
=650  \0$aLaw and ethics$vPeriodicals.
=852  41$aBritish Library$bDSC$j7713.890070$3Vol. 1, no. 1 (1995)-v. 18, no. 4 (2012)***UKRR Retained Title
=852  41$aBritish Library$bHMNTS$jZC.9.a.4360$3vol. 1 no. 2 (1995)-
=856  \\$31850-9999$uhttp://www.springer.com/gb/$xBLDSS
=945  \\$aRES PUBLICA -LIVERPOOL-.
=959  \\$fHeld but not currently received
=963  \\$aVOL. 1, 1995- *A=1$bN$cU
=985  \\$aRecord merged by DQ team
=985  \\$aISSN responsibility held by ISSN Netherlands, 14/07/06
=A02  \\$a2519227
=ACF  \\$aPrevious copyright fee: GBP21.25$c13\1$e01-jan-2009$fGBP21.25$g0$hP$5Uk
=ACF  \\$aPrevious copyright fee: GBP16.75$c13\1$e01-jan-2007$fGBP16.75$g0$hP$5Uk
=ACF  \\$aPrevious copyright fee: GBP16.22$c13\1$e01-oct-2006$fGBP16.22$g0$hP$5Uk
=ACF  \\$aPrevious copyright fee: GBP17.14$c13\1$e01-apr-2006$fGBP17.14$g0$hP$5Uk
=ACF  \\$aPrevious copyright fee: GBP16.67$c13\1$e01-jan-2006$fGBP16.67$g0$hP$5Uk
=ACF  \\$aPrevious copyright fee: GBP16.22$c13\1$e01-apr-2005$fGBP16.22$g0$hP$5Uk
=ACF  \\$aPrevious copyright fee: GBP16.67$c13\1$e01-jan-2005$fGBP16.67$g0$hP$5Uk
=ACF  \\$aPrevious copyright fee: GBP13.51$c13\1$e01-apr-2004$fGBP13.51$g0$hP$5Uk
=ACF  \\$aCurrent copyright fee: GBP14.71$c13\1$e01-jan-2004$fGBP14.71$g0$hP$5Uk
=ACF  \\$aCurrent copyright fee: GBP15.63$c13\1$e01-jan-2003$fGBP15.63$g0$hP$5Uk
=ACF  \\$aPrevious copyright fee: GBP22.00$c13\1$e01-apr-2009$fGBP22.00$g0$hP$5Uk
=ACF  \\$aPrevious copyright fee: GBP22.00$c13\1$e12-aug-2012$fGBP22.00$g0$hP$5Uk
=ACF  \\$aPrevious copyright fee: GBP25.00$c13\1$e01-jan-2013$fGBP25.00$g0$hP$5Uk
=ACF  \\$aPrevious copyright fee: GBP25.77$c13\1$e01-jul-2013$fGBP25.77$g0$hP$5Uk
=ACF  \\$aPrevious copyright fee: GBP24.97$c13\1$e01-jan-2014$fGBP24.97$g0$hP$5Uk
=ACF  \\$aPrevious copyright fee: GBP24.21$c13\1$e01-jul-2014$fGBP24.21$g0$hP$5Uk
=ACF  \\$aPrevious copyright fee: GBP25.77$c13\1$e01-apr-2015$fGBP25.77$g0$hP$5Uk
=ACF  \\$aPrevious copyright fee: GBP26.63$c13\1$e01-jul-2015$fGBP26.63$g0$hP$5Uk
=ACF  \\$aPrevious copyright fee: GBP25.77$c13\1$e01-oct-2015$fGBP25.77$g0$hP$5Uk
=ACF  \\$aPrevious copyright fee: GBP27.55$c13\1$e01-apr-2016$fGBP27.55$g0$hP$5Uk
=ACF  \\$aPrevious copyright fee: GBP29.59$c13\1$e01-oct-2016$fGBP29.59$g0$hP$5Uk
=ACF  \\$aPrevious copyright fee: GBP31.96$c13\1$e01-apr-2017$fGBP31.96$g0$hP$5Uk
=ACF  \\$aPrevious copyright fee: GBP30.73$c13\1$e01-oct-2017$fGBP30.73$g0$hP$5Uk
=ACF  \\$aPrevious copyright fee: GBP28.54$c13\1$e01-apr-2018$fGBP28.54$g0$hP$5Uk
=CAT  \\$aCONV$b00$c20040425$lBLL90$h0709
=CAT  \\$aIPL-CLA$c20140630$lBLL01$h1702
=CAT  \\$aWR14_140$c20140905$lBLL01$h1733
=CAT  \\$aBLDSS-3PM$b00$c20150103$lBLL01$h1041
=CAT  \\$aBATCH-UPD$b00$c20150219$lBLL01$h1642
=CAT  \\$aIPL-CLA$c20150331$lBLL01$h1621
=CAT  \\$aBATCH-UPD$b00$c20150520$lBLL01$h1700
=CAT  \\$aIPL-CLA$c20150630$lBLL01$h1635
=CAT  \\$aBATCH-UPD$b00$c20150820$lBLL01$h1750
=CAT  \\$aIPL-CLA$c20150930$lBLL01$h1748
=CAT  \\$aBATCH-UPD$b00$c20160217$lBLL01$h1636
=CAT  \\$aIPL-CLA$c20160331$lBLL01$h1705
=CAT  \\$aBATCH-UPD$b00$c20160524$lBLL01$h2154
=CAT  \\$aBATCH-UPD$b00$c20160524$lBLL01$h2232
=CAT  \\$aBATCH-UPD$b00$c20160824$lBLL01$h1713
=CAT  \\$aIPL-CLA$c20160930$lBLL01$h1548
=CAT  \\$aBATCH-UPD$b00$c20170216$lBLL01$h1800
=CAT  \\$aIPL-CLA$c20170331$lBLL01$h1831
=CAT  \\$aBATCH-UPD$b00$c20170904$lBLL01$h1802
=CAT  \\$aIPL-CLA$c20170929$lBLL01$h1714
=CAT  \\$aBATCH-UPD$b00$c20180223$lBLL01$h1617
=CAT  \\$aIPL-CLA$c20180331$lBLL01$h1602
=CAT  \\$aBATCH-UPD$b00$c20180524$lBLL01$h1652
=CAT  \\$aIPL-CLA$c20180630$lBLL01$h1909
=CAT  \\$aBATCH-UPD$b00$c20221121$lBLL01$h1357
=CAT  \\$aIPL-CLA$c20221231$lBLL01$h1436
=CFI  0\$aCurrent copyright fee: GBP29.95$c22\1$e01-jan-2023$fGBP29.95$g0$hP$5Uk
=CFI  2\$aPrevious copyright fee: GBP34.00$c22\1$e01-jul-2018$fGBP34.00$g0$hP$5Uk
=EST  \\$a2
=FFP  \\$aY$bBLDSS-3PM
=FIN  \\$aY
=FMT  \\$a  SE
=LAS  \\$aIPL-CLA$b00$c20221231$lBLL01$h1436
=LEO  \\$aMP5.0000831846
=LEO  \\$aMP13.0000335172
=LEO  \\$aMP22.0000045278
=LEO  \\$aMP10.0000499100
=SRC  \\$aBNB03$bbibmp5.200404.2.ab
=SRC  \\$aHSS01$bbibmp13.200404.2.aa
=SRC  \\$aISN01$bbibmp22.200404.2.aa
=SRC  \\$aDSS01$bbibmp10.200404.2.aa
=TCO  \\$aNLD$bSTICHTING REPRORECHT$c008
=TOC  \\$aETOC
=UNO  \\$aY

