=LDR  04585cas a2201141 a 4500
=001  009220769
=003  Uk
=005  20211231153723.0
=007  ta
=008  040419c19729999ne\qr\p\\\\\\\0\\\a0eng\\
=015  \\$aGB7213292$2bnb
=019  c\$a2146556
=019  y\$aB7213292
=019  9\$ab7213292
=019  0\$as256219001
=022  0\$a0300-9572
=040  \\$aUk$cUk$dUk
=050  00$aRC87
=082  04$a615.8043$218
=084  \\$aHA 15$2blsrissc
=210  0\$aResuscitation
=222  \0$aResuscitation
=245  00$aResuscitation.
=260  \\$aLondon :$bMiddlesex Publishing Co. Ltd,$c1972-
=260  2\$aShannon :$bElsevier
=260  3\$aAmsterdam :$bElsevier
=300  \\$av. :$bill. ;$c25 cm.
=310  \\$aBi-monthly
=336  \\$atext$2rdacontent
=337  \\$aunmediated$2rdamedia
=338  \\$avolume$2rdacarrier
=362  0\$aVol. 1, no. 1 (Mar. 1972)-
=530  \\$aAlso available on the Internet.
=540  \\$aCurrent copyright fee: GBP34.30$c5\1$5Uk
=595  \\$aSEE ALSO CARD INDEX.
=650  \0$aResuscitation$vPeriodicals.
=776  08$iAlso issued online as:$tResuscitation (Online)$x1873-1570
=852  71$aBritish Library$bSTI$k(P)$hHA 15$m-E(1)$2blsrissc$3Vol. 1 (1972)-v. 47, no. 3 (Nov. 2000); Deficient: vol.16, no.3-4, 1988
=852  71$aBritish Library$bSTI$k(TP)$hHA 15$m-E(1)$2blsrissc$3Accompanying CD-ROM
=852  41$aBritish Library$bHMNTS$jDZK.9.x.140$3Vol. 48, no. 1 (Jan. 2001)-v. 88 (Mar. 2015), v. 94 (Nov. 2015)***Title now taken as electronic only
=852  41$aBritish Library$bDSC$j7785.420000$3Vol. 1, issue 1 (1972)-v. 80, issue 12 (2009)***UKRR Retained Title
=856  \\$31850-9999$uhttp://www.elsevier.com/journals$xBLDSS
=945  \\$aRESUSCITATION -LONDON-.
=959  \\$fHeld but not currently received
=963  \\$aCA/M-7 VOL. 1, 1972- *A=1$bN
=985  \\$aResponsibility for ISSN transferred from ISSN UK to ISSN Netherlands, 15/08/06
=A02  \\$a2146556
=ACF  \\$aPrevious copyright fee: GBP19.00$c5\7$e01-jan-2008$fGBP19.00$g0$hP$5Uk
=ACF  \\$aPrevious copyright fee: GBP18.00$c5\7$e01-apr-2004$fGBP18.00$g0$hP$5Uk
=ACF  \\$aCurrent copyright fee: GBP20.00$c5\7$e01-jan-2003$fGBP20.00$g0$hP$5Uk
=ACF  \\$aCurrent copyright fee: GBP15.00$c5\7$e01-jul-2002$fGBP15.00$g0$hP$5Uk
=ACF  \\$aPrevious copyright fee: GBP20.00$c5\1$e01-jan-2009$fGBP20.00$g0$hP$5Uk
=ACF  \\$aPrevious copyright fee: GBP21.00$c5\1$e01-jan-2012$fGBP21.00$g0$hP$5Uk
=ACF  \\$aPrevious copyright fee: GBP22.50$c5\1$e01-jan-2013$fGBP22.50$g0$hP$5Uk
=ACF  \\$aPrevious copyright fee: GBP23.40$c5\1$e01-jan-2018$fGBP23.40$g0$hP$5Uk
=CAT  \\$aWR09-126
=CAT  \\$aCDS-UPD$b40$c20091208$lBLL01$h2209
=CAT  \\$aCDS-UPD$b40$c20091208$lBLL01$h2233
=CAT  \\$aBATCH$b00$c20091209$lBLL01$h0415
=CAT  \\$aBATCH$b00$c20091214$lBLL01$h0456
=CAT  \\$aBATCH$b00$c20091216$lBLL01$h0125
=CAT  \\$a8874$b40$c20110915$lBLL01$h0835
=CAT  \\$aWR11_155$c20111021$lBLL01$h1328
=CAT  \\$aWR11_155$c20111114$lBLL01$h1647
=CAT  \\$aBATCH-UPD$b00$c20111123$lBLL01$h1850
=CAT  \\$aIPL-CLA$c20111230$lBLL01$h1801
=CAT  \\$aBATCH-CLA$b00$c20121104$lBLL01$h1008
=CAT  \\$aBATCH-UPD$b00$c20121121$lBLL01$h1653
=CAT  \\$aIPL-CLA$c20121231$lBLL01$h1251
=CAT  \\$aIPL-CLA$c20130102$lBLL01$h1655
=CAT  \\$aWR13.005$c20130322$lBLL01$h1949
=CAT  \\$aWR14_140$c20140905$lBLL01$h1733
=CAT  \\$aBLDSS-3PM$b00$c20141222$lBLL01$h1710
=CAT  \\$a10973$b40$c20150601$lBLL01$h1655
=CAT  \\$aBATCH-UPD$b40$c20170302$lBLL01$h1739
=CAT  \\$aBATCH-UPD$b40$c20171121$lBLL01$h1739
=CAT  \\$aIPL-CLA$c20171231$lBLL01$h1436
=CAT  \\$aBATCH-UPD$b00$c20190521$lBLL01$h1431
=CAT  \\$aIPL-CLA$c20190630$lBLL01$h1527
=CAT  \\$aBATCH-UPD$b00$c20211119$lBLL01$h1549
=CAT  \\$aIPL-CLA$c20211231$lBLL01$h1537
=CFI  0\$aCurrent copyright fee: GBP34.30$c5\1$e01-jan-2022$fGBP34.30$g0$hP$5Uk
=CFI  2\$aPrevious copyright fee: GBP32.84$c5\1$e01-jul-2019$fGBP32.84$g0$hP$5Uk
=EST  \\$a2
=FFP  \\$aY$bBLDSS-3PM
=FIN  \\$aY
=FMT  \\$a  SE
=LAS  \\$aIPL-CLA$b00$c20211231$lBLL01$h1537
=LEO  \\$aMP3.0000000613
=LEO  \\$aMP22.0000017665
=LEO  \\$aMP25.0000102764
=LEO  \\$aMP10.0000504736
=SRC  \\$aBNB02$bbibmp3.200404.2.aa
=SRC  \\$aISN01$bbibmp22.200404.2.aa
=SRC  \\$aSRI01$bbibmp25.200404.2.aa
=SRC  \\$aDSS01$bbibmp10.200404.2.aa
=TCO  \\$aNLD$bSTICHTING REPRORECHT$c008
=TOC  \\$aETOC

