=LDR  08004cas a2201561 a 4500
=001  009221404
=003  Uk
=005  20220930142356.0
=007  ta
=008  040410c19069999cauqr\p\\\\\\\0\\\a0eng\\
=019  c\$a2146802
=019  x\$a3612980254
=022  0\$a0034-6373
=040  \\$aUk$cUk$dUk
=082  04$a230$222
=210  0\$aRev. expos.$b(Berne)
=222  \0$aReview and expositor$b(Berne)
=245  00$aReview and expositor.
=246  14$aReview & expositor$f1988-
=260  \\$aLouisville, Ky. :$bReview & Expositor, Inc.$c[1906]-
=264  31$32014-$aLos Angeles :$bSAGE
=300  \\$av. :$bports., facsims. ;$c24 cm.
=310  \\$aQuarterly
=336  \\$atext$2rdacontent
=337  \\$aunmediated$2rdamedia
=338  \\$avolume$2rdacarrier
=362  0\$aVol. 3, no. 4 (Oct. 1906)-
=500  \\$aA Baptist theological journal.
=500  \\$aPublished by: Faculty of Southern Baptist Theological Seminary, 1906-1987; by: Review & Expositor, Inc., 1988-
=540  \\$aCurrent copyright fee: GBP32.82$c19\0$5Uk
=550  \\$aSponsored by: R & E Faculty of Southern Baptist Theological Seminary, 1977-1999; by: McAfee School of Theology of Southern Methodist University, 1997- ; by: Baptist Theological Seminary of Richmond, 1997- ; by: George W. Truett Theological Seminary, 1997-2001; by: Campbell University Divinity School, 2002-
=588  \\$aLatest issue consulted: volume 111, issue 1 (February 2014).
=595  \\$aSEE ALSO CARD INDEX.
=650  \0$aBaptists$vPeriodicals.
=650  \0$aTheology$vPeriodicals.
=710  2\$aSouthern Baptist Theological Seminary.
=710  2\$aMcAfee School of Theology.
=710  2\$aBaptist Theological Seminary at Richmond.
=710  2\$aBaylor University.$bGeorge W. Truett Theological Seminary.
=710  2\$aCampbell University Divinity School.
=776  1\$tReview and expositor$x2052-9449
=780  00$tBaptist review and expositor$x0190-5856
=852  41$aBritish Library$bHMNTS$jP.P.863.cb.$3Vol. 3 (July 1906)-
=852  41$aBritish Library$bDSC$j7786.940000$3Vol. 69, no. 1 (1972)-v. 118 (2021)***UKRR Retained Title***Stock Incomplete
=856  \\$31850-9999$uhttp://www.uk.sagepub.com/home.nav$xBLDSS
=945  \\$aREVIEW AND EXPOSITOR.
=959  \\$fHeld but not currently received
=963  \\$aCA/S-1 1974- *A=1$bN
=985  \\$aISSN UK Centre note: Need reconsider responsibility for print and online ISSN (US Centre and UK) when first Sage issue published. Possible print still published in US.
=985  \\$aCorrected by MS generated file for WR# 12.018
=985  \\$aRecord merged by DQ team
=A02  \\$a2146802
=ACF  \\$aPrevious Copyright Fee: GBP1.29$c0$e01-apr-2012$fGBP1.29$g0$hC$5Uk
=ACF  \\$aPrevious Copyright Fee: GBP1.20$c0$e01-jan-2012$fGBP1.20$g0$hC$5Uk
=ACF  \\$aPrevious Copyright Fee: GBP1.20$c0$e01-oct-2011$fGBP1.20$g0$hC$5Uk
=ACF  \\$aPrevious Copyright Fee: GBP1.20$c0$e01-jul-2011$fGBP1.20$g0$hC$5Uk
=ACF  \\$aPrevious Copyright Fee: GBP1.20$c0$e01-apr-2011$fGBP1.20$g0$hC$5Uk
=ACF  \\$aPrevious Copyright Fee: GBP1.20$c0$e01-jan-2011$fGBP1.20$g0$hC$5Uk
=ACF  \\$aPrevious Copyright Fee: GBP1.20$c0$e01-oct-2010$fGBP1.20$g0$hC$5Uk
=ACF  \\$aPrevious Copyright Fee: GBP1.20$c0$e01-jul-2010$fGBP1.20$g0$hC$5Uk
=ACF  \\$aPrevious Copyright Fee: GBP1.20$c0$e01-apr-2010$fGBP1.20$g0$hC$5Uk
=ACF  \\$aPrevious Copyright Fee: GBP1.20$c0$e01-Jan-2010$fGBP1.20$g0$hC$5Uk
=ACF  \\$aPrevious Copyright Fee: GBP1.20$c0$e01-oct-2009$fGBP1.20$g0$hC$5Uk
=ACF  \\$aPrevious Copyright Fee: GBP1.43$c0$e01-jul-2009$fGBP1.43$g0$hC$5Uk
=ACF  \\$aPrevious Copyright Fee: GBP1.43$c0$e01-apr-2009$fGBP1.43$g0$hC$5Uk
=ACF  \\$aPrevious Copyright Fee: GBP1.25$c0$e01-jan-2009$fGBP1.25$g0$hC$5Uk
=ACF  \\$aPrevious copyright fee: GBP6.00$c0$e01-apr-2008$fGBP6.00$g0$hA$5Uk
=ACF  \\$aPrevious copyright fee: GBP5.00$c0$e01-jul-2002$fGBP5.00$g0$hA$5Uk
=ACF  \\$aCurrent copyright fee: GBP2.50$c0$e01-jul-1998$fGBP2.50$g0$hC$5Uk
=ACF  \\$aCurrent copyright fee: GBP2.30$c0$e01-apr-1997$fGBP2.30$g0$hC$5Uk
=ACF  \\$aPrevious Copyright Fee: GBP1.21$c0$e01-jul-2012$fGBP1.21$g0$hC$5Uk
=ACF  \\$aPrevious Copyright Fee: GBP1.29$c0$e01-oct-2012$fGBP1.29$g0$hC$5Uk
=ACF  \\$aPrevious Copyright Fee: GBP1.25$c0$e01-jan-2013$fGBP1.25$g0$hC$5Uk
=ACF  \\$aPrevious Copyright Fee: GBP1.29$c0$e01-jul-2013$fGBP1.29$g0$hC$5Uk
=ACF  \\$aPrevious Copyright Fee: GBP1.25$c0$e01-jan-2014$fGBP1.25$g0$hC$5Uk
=ACF  \\$aPrevious Copyright Fee: GBP1.20$c0$e01-oct-2013$fGBP1.20$g0$hC$5Uk
=ACF  \\$aPrevious Copyright Fee: GBP15.63$c19\0$e30-jan-2014$fGBP15.63$g0$hP$5Uk
=ACF  \\$aPrevious copyright fee: GBP15.15$c19\0$e01-jul-2014$fGBP15.15$g0$hP$5Uk
=ACF  \\$aPrevious copyright fee: GBP16.13$c19\0$e01-apr-2015$fGBP16.13$g0$hP$5Uk
=ACF  \\$aPrevious copyright fee: GBP16.67$c19\0$e01-jul-2015$fGBP16.67$g0$hP$5Uk
=ACF  \\$aPrevious copyright fee: GBP16.13$c19\0$e01-oct-2015$fGBP16.13$g0$hP$5Uk
=ACF  \\$aPrevious copyright fee: GBP17.24$c19\0$e01-apr-2016$fGBP17.24$g0$hP$5Uk
=ACF  \\$aPrevious copyright fee: GBP18.52$c19\0$e01-oct-2016$fGBP18.52$g0$hP$5Uk
=ACF  \\$aPrevious copyright fee: GBP19.23$c19\0$e01-oct-2017$fGBP19.23$g0$hP$5Uk
=ACF  \\$aPrevious copyright fee: GBP20.00$c19\0$e01-apr-2017$fGBP20.00$g0$hP$5Uk
=ACF  \\$aPrevious copyright fee: GBP27.69$c19\0$e14-mar-2018$fGBP27.69$g0$hP$5Uk
=ACF  \\$aPrevious copyright fee: GBP25.71$c19\0$e01-apr-2018$fGBP25.71$g0$hP$5Uk
=ACF  \\$aPrevious copyright fee: GBP27.69$c19\0$e01-oct-2018$fGBP27.69$g0$hP$5Uk
=ACF  \\$aPrevious copyright fee: GBP29.08$c19\0$e01-jul-2019$fGBP29.08$g0$hP$5Uk
=ACF  \\$aPrevious copyright fee: GBP30.24$c19\0$e01-oct-2019$fGBP30.24$g0$hP$5Uk
=ACF  \\$aPrevious copyright fee: GBP30.29$c19\0$e01-apr-2020$fGBP30.29$g0$hP$5Uk
=ACF  \\$aPrevious copyright fee: GBP31.50$c19\0$e01-jul-2020$fGBP31.50$g0$hP$5Uk
=ACF  \\$aPrevious copyright fee: GBP29.17$c19\0$e01-apr-2021$fGBP29.17$g0$hP$5Uk
=ACF  \\$aPrevious copyright fee: GBP28.13$c19\0$e07-jul-2021$fGBP28.13$g0$hP$5Uk
=CAT  \\$aCONV$b00$c20040425$lBLL90$h0709
=CAT  \\$aIPL-CLA$c20170331$lBLL01$h1831
=CAT  \\$aBATCH-UPD$b00$c20170904$lBLL01$h1829
=CAT  \\$aIPL-CLA$c20170929$lBLL01$h1714
=CAT  \\$aBATCH-UPD$b00$c20180223$lBLL01$h1645
=CAT  \\$a5552$b40$c20180314$lBLL01$h0913
=CAT  \\$aIPL-CLA$c20180331$lBLL01$h1602
=CAT  \\$aBATCH-UPD$b00$c20180823$lBLL01$h1933
=CAT  \\$aIPL-CLA$c20180930$lBLL01$h1453
=CAT  \\$aBATCH-UPD$b00$c20190521$lBLL01$h1406
=CAT  \\$aIPL-CLA$c20190630$lBLL01$h1527
=CAT  \\$aBATCH-UPD$b00$c20190829$lBLL01$h1514
=CAT  \\$aIPL-CLA$c20190930$lBLL01$h1630
=CAT  \\$aBATCH-UPD$b00$c20200219$lBLL01$h1507
=CAT  \\$aIPL-CLA$c20200331$lBLL01$h1606
=CAT  \\$aBATCH-UPD$b00$c20200522$lBLL01$h1445
=CAT  \\$aIPL-CLA$c20200701$lBLL01$h0047
=CAT  \\$aBATCH-UPD$b00$c20210226$lBLL01$h1026
=CAT  \\$aIPL-CLA$c20210331$lBLL01$h1656
=CAT  \\$aBATCH-UPD$b00$c20210707$lBLL01$h1550
=CAT  \\$aIPL-CLA$c20210707$lBLL01$h1841
=CAT  \\$a6558$b40$c20211214$lBLL01$h1623
=CAT  \\$aBATCH-UPD$b40$c20220520$lBLL01$h1637
=CAT  \\$aIPL-CLA$c20220630$lBLL01$h1534
=CAT  \\$aBATCH-UPD$b00$c20220824$lBLL01$h0903
=CAT  \\$aIPL-CLA$c20220930$lBLL01$h1423
=CFI  0\$aCurrent copyright fee: GBP32.82$c19\0$e01-oct-2022$fGBP32.82$g0$hP$5Uk
=CFI  2\$aPrevious copyright fee: GBP31.50$c19\0$e01-jul-2022$fGBP31.50$g0$hP$5Uk
=FFP  \\$aY$bBLDSS-3PM
=FIN  \\$aY
=FMT  \\$a  SE
=LAS  \\$aIPL-CLA$b00$c20220930$lBLL01$h1423
=LEO  \\$aMP10.0000505651
=LEO  \\$aMP1.0004321611.1
=SRC  \\$aBLS01$bbibmp1.200404.2.ae
=SRC  \\$aDSS01$bbibmp10.200404.2.aa
=TCO  \\$aTRS$bCCC$c008
=TOC  \\$aETOC
=UNO  \\$aY

