=LDR  06990cas a2201393 a 4500
=001  009221786
=003  Uk
=005  20230731135154.0
=007  ta
=008  040410c19599999xxuqr\p\\\\\\\0\\\a0eng\\
=019  c\$a2146990
=022  0\$a0034-673X
=040  \\$aUk$cUk$dUk
=082  04$a200$222
=245  00$aReview of religious research.
=260  \\$a[New York] :$bReligious Research Association
=300  \\$av. ;$c22-25 cm.
=310  \\$aQuarterly
=336  \\$atext$2rdacontent
=337  \\$aunmediated$2rdamedia
=338  \\$avolume$2rdacarrier
=530  \\$aAlso issued online.
=540  \\$aCurrent copyright fee: GBP29.95$c22\1$5Uk
=550  \\$aOfficial journal of the Religious Research Association.
=555  \\$aV. 1-10, 1959/60-1968/69. 1 v.
=595  \\$aSEE ALSO CARD INDEX.
=650  \0$aReligion$vPeriodicals.
=650  \0$aReligion and sociology$vPeriodicals.
=710  2\$aReligious Research Association.
=776  1\$tReview of religious research (Online)
=852  41$aBritish Library$bDSC$j7794.195000$3Vol. 1, no. 1 (1959)-v. 54, no. 1 (2012)***UKRR Retained Title***Stock Incomplete
=856  \\$31850-9999$uhttp://www.springer.com/gb/$xBLDSS
=945  \\$aREVIEW OF RELIGIOUS RESEARCH.
=959  \\$fHeld but not currently received
=985  \\$aCorrected by MS generated file for WR# 12.018
=985  \\$aISSN responsibility transfer from Netherlands to UK pending (Richard, 31/07/23)
=A02  \\$a2146990
=ACF  \\$aPrevious Copyright Fee: GBP22.00$c0$e01-oct-2011$fGBP22.00$g0$hC$5Uk
=ACF  \\$aPrevious Copyright Fee: GBP0.24$c0$e01-jul-2011$fGBP0.24$g0$hC$5Uk
=ACF  \\$aPrevious Copyright Fee: GBP0.24$c0$e01-jan-2011$fGBP0.24$g0$hC$5Uk
=ACF  \\$aPrevious Copyright Fee: GBP0.24$c0$e01-oct-2010$fGBP0.24$g0$hC$5Uk
=ACF  \\$aPrevious Copyright Fee: GBP0.24$c0$e01-jul-2010$fGBP0.24$g0$hC$5Uk
=ACF  \\$aPrevious Copyright Fee: GBP0.24$c0$e01-apr-2010$fGBP0.24$g0$hC$5Uk
=ACF  \\$aPrevious Copyright Fee: GBP0.24$c0$e01-Jan-2010$fGBP0.24$g0$hC$5Uk
=ACF  \\$aPrevious Copyright Fee: GBP0.24$c0$e01-oct-2009$fGBP0.24$g0$hC$5Uk
=ACF  \\$aPrevious Copyright Fee: GBP0.29$c0$e01-jul-2009$fGBP0.29$g0$hC$5Uk
=ACF  \\$aPrevious Copyright Fee: GBP0.29$c0$e01-apr-2009$fGBP0.29$g0$hC$5Uk
=ACF  \\$aPrevious Copyright Fee: GBP0.25$c0$e01-jan-2009$fGBP0.25$g0$hC$5Uk
=ACF  \\$aPrevious Copyright Fee: GBP0.20$c0$e01-oct-2008$fGBP0.20$g0$hC$5Uk
=ACF  \\$aPrevious Copyright Fee: GBP0.20$c0$e01-jul-2008$fGBP0.20$g0$hC$5Uk
=ACF  \\$aPrevious Copyright Fee: GBP0.20$c0$e01-apr-2008$fGBP0.20$g0$hC$5Uk
=ACF  \\$aPrevious Copyright Fee: GBP0.20$c0$e01-jan-2008$fGBP0.20$g0$hC$5Uk
=ACF  \\$aPrevious Copyright Fee: GBP0.20$c0$e01-oct-2007$fGBP0.20$g0$hC$5Uk
=ACF  \\$aPrevious Copyright Fee: GBP0.20$c0$e01-jul-2007$fGBP0.20$g0$hC$5Uk
=ACF  \\$aPrevious Copyright Fee: GBP0.21$c0$e01-apr-2007$fGBP0.21$g0$hC$5Uk
=ACF  \\$aPrevious Copyright Fee: GBP0.22$c0$e01-jan-2007$fGBP0.22$g0$hC$5Uk
=ACF  \\$aPrevious Copyright Fee: GBP0.22$c0$e01-oct-2006$fGBP0.22$g0$hC$5Uk
=ACF  \\$aPrevious Copyright Fee: GBP0.23$c0$e01-jul-2006$fGBP0.23$g0$hC$5Uk
=ACF  \\$aPrevious Copyright Fee: GBP0.23$c0$e01-apr-2006$fGBP0.23$g0$hC$5Uk
=ACF  \\$aPrevious Copyright Fee: GBP0.22$c0$e01-jan-2006$fGBP0.22$g0$hC$5Uk
=ACF  \\$aPrevious Copyright Fee: GBP0.22$c0$e01-oct-2005$fGBP0.22$g0$hC$5Uk
=ACF  \\$aPrevious Copyright Fee: GBP0.22$c0$e01-jul-2005$fGBP0.22$g0$hC$5Uk
=ACF  \\$aPrevious Copyright Fee: GBP0.22$c0$e01-apr-2005$fGBP0.22$g0$hC$5Uk
=ACF  \\$aPrevious Copyright Fee: GBP0.22$c0$e01-jan-2005$fGBP0.22$g0$hC$5Uk
=ACF  \\$aPrevious Copyright Fee: GBP0.22$c0$e01-oct-2004$fGBP0.22$g0$hC$5Uk
=ACF  \\$aPrevious copyright fee: GBP0.22$c0$e01-apr-2004$fGBP0.22$g0$hC$5Uk
=ACF  \\$aCurrent copyright fee: GBP0.24$c0$e01-jan-2004$fGBP0.24$g0$hC$5Uk
=ACF  \\$aCurrent copyright fee: GBP0.25$c0$e01-jan-2003$fGBP0.25$g0$hC$5Uk
=ACF  \\$aPrevious copyright fee: GBP22.00$c22\1$e09-oct-2011$fGBP22.00$g0$hP$5Uk
=ACF  \\$aPrevious copyright fee: GBP22.00$c22\1$e12-aug-2012$fGBP22.00$g0$hP$5Uk
=ACF  \\$aPrevious copyright fee: GBP25.00$c22\1$e01-jan-2013$fGBP25.00$g0$hP$5Uk
=ACF  \\$aPrevious copyright fee: GBP25.77$c22\1$e01-jul-2013$fGBP25.77$g0$hP$5Uk
=ACF  \\$aPrevious copyright fee: GBP24.97$c22\1$e01-jan-2014$fGBP24.97$g0$hP$5Uk
=ACF  \\$aPrevious copyright fee: GBP24.21$c22\1$e01-jul-2014$fGBP24.21$g0$hP$5Uk
=ACF  \\$aPrevious copyright fee: GBP25.77$c22\1$e01-apr-2015$fGBP25.77$g0$hP$5Uk
=ACF  \\$aPrevious copyright fee: GBP26.63$c22\1$e01-jul-2015$fGBP26.63$g0$hP$5Uk
=ACF  \\$aPrevious copyright fee: GBP25.77$c22\1$e01-oct-2015$fGBP25.77$g0$hP$5Uk
=ACF  \\$aPrevious copyright fee: GBP27.55$c22\1$e01-apr-2016$fGBP27.55$g0$hP$5Uk
=ACF  \\$aPrevious copyright fee: GBP29.59$c22\1$e01-oct-2016$fGBP29.59$g0$hP$5Uk
=ACF  \\$aPrevious copyright fee: GBP31.96$c22\1$e01-apr-2017$fGBP31.96$g0$hP$5Uk
=ACF  \\$aPrevious copyright fee: GBP30.73$c22\1$e01-oct-2017$fGBP30.73$g0$hP$5Uk
=ACF  \\$aPrevious copyright fee: GBP28.54$c22\1$e01-apr-2018$fGBP28.54$g0$hP$5Uk
=CAT  \\$aCONV$b00$c20040425$lBLL90$h0709
=CAT  \\$aIPL-CLA$c20140630$lBLL01$h1703
=CAT  \\$aBLDSS-3PM$b00$c20150103$lBLL01$h1041
=CAT  \\$aBATCH-UPD$b00$c20150219$lBLL01$h1734
=CAT  \\$aIPL-CLA$c20150331$lBLL01$h1621
=CAT  \\$aBATCH-UPD$b00$c20150520$lBLL01$h1743
=CAT  \\$aIPL-CLA$c20150630$lBLL01$h1635
=CAT  \\$aBATCH-UPD$b00$c20150820$lBLL01$h1830
=CAT  \\$aIPL-CLA$c20150930$lBLL01$h1748
=CAT  \\$aBATCH-UPD$b00$c20160217$lBLL01$h1719
=CAT  \\$aIPL-CLA$c20160331$lBLL01$h1706
=CAT  \\$aBATCH-UPD$b00$c20160524$lBLL01$h2207
=CAT  \\$aBATCH-UPD$b00$c20160524$lBLL01$h2355
=CAT  \\$aBATCH-UPD$b00$c20160824$lBLL01$h1748
=CAT  \\$aIPL-CLA$c20160930$lBLL01$h1548
=CAT  \\$aBATCH-UPD$b00$c20170216$lBLL01$h1835
=CAT  \\$aIPL-CLA$c20170331$lBLL01$h1831
=CAT  \\$aBATCH-UPD$b00$c20170904$lBLL01$h1843
=CAT  \\$aIPL-CLA$c20170929$lBLL01$h1714
=CAT  \\$aBATCH-UPD$b00$c20180223$lBLL01$h1702
=CAT  \\$aIPL-CLA$c20180331$lBLL01$h1602
=CAT  \\$aBATCH-UPD$b00$c20180524$lBLL01$h1707
=CAT  \\$aIPL-CLA$c20180630$lBLL01$h1909
=CAT  \\$aBATCH-UPD$b00$c20221121$lBLL01$h1357
=CAT  \\$aIPL-CLA$c20221231$lBLL01$h1436
=CAT  \\$a10806$b40$c20230731$lBLL01$h1351
=CFI  0\$aCurrent copyright fee: GBP29.95$c22\1$e01-jan-2023$fGBP29.95$g0$hP$5Uk
=CFI  2\$aPrevious copyright fee: GBP34.00$c22\1$e01-jul-2018$fGBP34.00$g0$hP$5Uk
=FFP  \\$aY$bBLDSS-3PM
=FIN  \\$aY
=FMT  \\$a  SE
=LAS  \\$a10806$b40$c20230731$lBLL01$h1351
=LEO  \\$aMP10.0000506169
=SRC  \\$aDSS01$bbibmp10.200404.2.aa
=TCO  \\$aTRS$bCCC$c008
=TOC  \\$aETOC
=UNO  \\$aY

