=LDR  02105cas a2200577ua 4500
=001  009265190
=003  Uk
=005  20220506073733.0
=006  aac\\|||||||||||||
=007  ta
=008  990408c19979999xxumr\p\\\\\\\0\\\a0eng\\
=019  1\$abld0090961
=022  \\$a1369-2488
=040  \\$aUk$cUk
=222  \0$aHit sensations presents on tour with the Spice Girls
=245  00$aHit sensations presents on tour with the Spice Girls.
=246  3\$aOn tour with the Spice Girls
=260  \\$aNew Jersey :$bMillennium Publishing Partners Inc.,$c1997-
=300  \\$av. :$bcol.ill., col.ports. ;$c28cm.
=310  \\$aMonthly
=336  \\$atext$2rdacontent
=337  \\$aunmediated$2rdamedia
=338  \\$avolume$2rdacarrier
=362  0\$aVol.1, no.1 (1997)-
=500  \\$aRunning title: On tour with the Spice Girls.
=610  20$aSpice Girls$vPeriodicals.
=610  20$aSpice Girls$vPictorial works.
=650  \0$aWomen rock musicians$zGreat Britain$vPeriodicals$vJuvenile literature.
=650  \0$aWomen rock musicians$zGreat Britain$vPictorial works.
=650  \0$aWomen rock musicians$zGreat Britain$vBiography.
=650  \0$aRock musicians$zGreat Britain$vPeriodicals$vJuvenile literature.
=650  \0$aRock musicians$zGreat Britain$vPictorial works.
=650  \0$aRock musicians$zGreat Britain$vBiography.
=852  41$aBritish Library$bHMNTS$jZK.9.a.5877$3Vol.1, no.1 (1997)-
=957  \\$a980211c
=985  \\$aISSN responsibility passed to U.S. Center (06/04/22)
=CAT  \\$aCONV$b00$c20040425$lBLL90$h0723
=CAT  \\$aCONV$b00$c20040502$lBLL01$h1320
=CAT  \\$aBATCH$b00$c20091122$lBLL01$h1026
=CAT  \\$a12418$b40$c20120420$lBLL01$h1047
=CAT  \\$a10806$b40$c20220331$lBLL01$h0913
=CAT  \\$a10806$b40$c20220406$lBLL01$h0840
=CAT  \\$a10806$b40$c20220408$lBLL01$h0942
=CAT  \\$a10806$b40$c20220506$lBLL01$h0737
=FIN  \\$aY
=FMT  \\$a  SE
=LAS  \\$a10806$b40$c20220506$lBLL01$h0737
=LEO  \\$aMP13.0000215986
=SRC  \\$aHSS01$bbibmp13.200404.2.aa
=SRC  \\$aDSS04$bbibld.200404.2.aa
=TCO  \\$aTRS$bCCC$c008

