=LDR  01526cas a2200469ua 4500
=001  009265191
=003  Uk
=005  20220506073338.0
=007  ta
=008  981208d1997199uxxumr\p\\\\\\\0\\\a0eng\\
=019  1\$abld0090962
=022  \\$a1369-2496
=040  \\$aUk$cUk
=222  \0$aHit sensations presents Hanson
=245  00$aHit sensations presents Hanson.
=246  3\$aHanson
=260  \\$aRed Bank, New Jersey :$bMillennium Publishing Partners Inc.,$c1997-
=300  \\$av. :$bcol. ports. ;$c28 cm.
=336  \\$atext$2rdacontent
=337  \\$aunmediated$2rdamedia
=338  \\$avolume$2rdacarrier
=362  0\$aVol.1, no.1 (1997)-
=500  \\$aRunning title: Hanson.
=610  24$aHanson (Musical group)$xPeriodicals.
=610  24$aHanson (Musical group)$xPictorial works$xPeriodicals.
=852  41$aBritish Library$bHMNTS$jZK.9.a.5875$3Vol.1, no.1 (1997)-
=957  \\$a980211c
=985  \\$aISSN responsibility passed to U.S. Center (06/04/22)
=CAT  \\$aCONV$b00$c20040425$lBLL90$h0723
=CAT  \\$aCONV$b00$c20040502$lBLL01$h1320
=CAT  \\$aBATCH$b00$c20091122$lBLL01$h1026
=CAT  \\$a10806$b40$c20220331$lBLL01$h0918
=CAT  \\$a10806$b40$c20220406$lBLL01$h0838
=CAT  \\$a10806$b40$c20220408$lBLL01$h0942
=CAT  \\$a10806$b40$c20220506$lBLL01$h0733
=FIN  \\$aY
=FMT  \\$a  SE
=LAS  \\$a10806$b40$c20220506$lBLL01$h0733
=LEO  \\$aMP13.0000215987
=SRC  \\$aHSS01$bbibmp13.200404.2.aa
=SRC  \\$aDSS04$bbibld.200404.2.aa
=TCO  \\$aTRS$bCCC$c008

