=LDR  04557cas a2201057 a 4500
=001  009367422
=003  Uk
=005  20230511162641.0
=008  840911c19789999at\ar\p\\\\\\\0\\\a0eng\\
=019  c\$a2329228
=019  1\$ar6811552
=022  0\$a0810-2686
=040  \\$aUk$cUk$dUk
=042  \\$aukblsr
=082  0\$a079.9405$223
=222  \0$aAustralian journalism review
=245  00$aAustralian journalism review.
=260  \\$a[St Lucia, Qld.] :$bAustralian Association for Tertiary Education in Journalism,$c1978-
=264  31$aBristol :$bIntellect
=300  \\$av.
=310  \\$aThree issues yearly: Vol.1, no.1, June 1978-Vol.3, no.3, October 1980. Two issues yearly : Vol.5, no.1, January 1983-
=336  \\$atext$2rdacontent
=337  \\$aunmediated$2rdamedia
=338  \\$avolume$2rdacarrier
=362  0\$aVol.1, no.1, (June 1978)-
=540  \\$aCurrent Copyright Fee: GBP10.00$c122\0$5Uk
=580  \\$aContinues: Journalism in education.
=588  \\$aLatest issue consulted: volume 42, number 1 (2020).
=595  \\$aSEE ALSO CARD INDEX.
=650  \0$aJournalism$zAustralia$vPeriodicals.
=653  \\$aAustralia$aJournalism$ato date$aSerials
=710  2\$aAustralian Association for Tertiary Education in Journalism.
=740  0\$aAJR.
=776  08$iAlso issued online as:$tAustralian journalism review$x2517-620X
=780  10$tJournalism in education
=852  41$aBritish Library$bDSC$j1813.150000$3VOL. 7, 1985- *A=1
=852  41$aBritish Library$bHMNTS$jX.0955/242$3Vol.1, no.1, (June 1978)-
=856  \\$31850-9999$uhttp://www.csiro.au/en/Publications$xBLDSS
=945  \\$aAUSTRALIAN JOURNALISM REVIEW.
=957  \\$a8311p
=959  \\$fHeld but not currently received
=985  \\$aCorrected by MS generated file for WR# 12.018
=985  \\$aISSN responsibility has already been transferred from Australia to UK - now waiting for print issue to update record (Richard, 11/03/20)
=A02  \\$a2329228
=ACF  \\$aPrevious Copyright Fee: GBP22.50$c0$e01-jan-2021$fGBP22.50$g0$hA$5Uk
=ACF  \\$aPrevious copyright fee: GBP5.00$c0$e01-jul-2002$fGBP5.00$g0$hC$5Uk
=ACF  \\$aCurrent copyright fee: GBP4.40$c0$e01-jul-1998$fGBP4.40$g0$hA$5Uk
=ACF  \\$aCurrent copyright fee: GBP4.20$c0$e01-apr-1997$fGBP4.20$g0$hA$5Uk
=ACF  \\$aPrevious copyright fee: GBP10.50$c0$e01-jan-2011$fGBP10.50$g0$hA$5Uk
=ACF  \\$aPrevious copyright fee: GBP12.00$c0$e01-jan-2012$fGBP12.00$g0$hA$5Uk
=ACF  \\$aPrevious Copyright Fee: GBP12.30$c0$e01-jan-2014$fGBP12.30$g0$hA$5Uk
=ACF  \\$aPrevious Copyright Fee: GBP15.00$c0$e01-jan-2017$fGBP15.00$g0$hA$5Uk
=ACF  \\$aPrevious Copyright Fee: GBP17.50$c0$e01-jan-2018$fGBP17.50$g0$hA$5Uk
=ACF  \\$aPrevious Copyright Fee: GBP20.00$c0$e01-jan-2020$fGBP20.00$g0$hA$5Uk
=CAT  \\$aCONV$b00$c20040425$lBLL90$h0752
=CAT  \\$aBLSS-CORR$b00$c20120724$lBLL01$h1756
=CAT  \\$aBATCH-CLA$b00$c20121104$lBLL01$h1005
=CAT  \\$aWR13.005$c20130323$lBLL01$h1218
=CAT  \\$aBATCH-CLA$c20131217$lBLL01$h1824
=CAT  \\$aIPL-CLA$c20131231$lBLL01$h2016
=CAT  \\$aBATCH-CLA$b00$c20161222$lBLL01$h1719
=CAT  \\$aIPL-CLA$c20161230$lBLL01$h1905
=CAT  \\$aBATCH-CLA$b00$c20171222$lBLL01$h2019
=CAT  \\$aIPL-CLA$c20171231$lBLL01$h1439
=CAT  \\$a10973$b40$c20180823$lBLL01$h0954
=CAT  \\$a5110$b40$c20191210$lBLL01$h1416
=CAT  \\$aBATCH-CLA$b00$c20191219$lBLL01$h1644
=CAT  \\$aIPL-CLA$c20191231$lBLL01$h1800
=CAT  \\$aR2001-1524$c20200127$lBLL01$h1935
=CAT  \\$a10806$b40$c20200305$lBLL01$h1039
=CAT  \\$a10806$b40$c20200311$lBLL01$h0958
=CAT  \\$a8124$b40$c20201027$lBLL01$h1218
=CAT  \\$aBATCH-CLA$b00$c20201204$lBLL01$h1441
=CAT  \\$aIPL-CLA$c20201231$lBLL01$h2003
=CAT  \\$aBATCH-CLA$b00$c20221221$lBLL01$h1747
=CAT  \\$aIPL-CLA$c20221231$lBLL01$h1915
=CAT  \\$a12654$b40$c20230116$lBLL01$h1547
=CAT  \\$aBLDSS-3PM$b00$c20230124$lBLL01$h1140
=CAT  \\$aBATCH-UPD$b00$c20230124$lBLL01$h1140
=CAT  \\$aBATCH-FIX$c20230511$lBLL01$h1626
=CFI  0\$aCurrent Copyright Fee: GBP10.00$c122\0$e16-jan-2023$fGBP10.00$g0$hP$5Uk
=CFI  2\$aPrevious Copyright Fee: GBP25.00$c0$e01-jan-2023$fGBP25.00$g0$hA$5Uk
=FFP  \\$aY$bBLDSS-3PM
=FIN  \\$aY
=FMT  \\$a  SE
=LAS  \\$aBATCH-FIX$b00$c20230511$lBLL01$h1626
=LEO  \\$aMP10.0000083828
=LEO  \\$aMP13.0001156472
=SRC  \\$aDSS01$bbibmp10.200404.2.aa
=SRC  \\$aHSS01$bbibmp13.200404.2.ab
=TCO  \\$aAUS$bCAL$c008

