=LDR  04730cas a2201189 a 4500
=001  009529303
=003  Uk
=005  20230511162641.0
=007  ta
=008  950808c19949999ne\qx\\\\\\\\\0\\\a0eng\\
=015  \\$aGB9559948$2bnb
=019  y\$ab9559948
=019  9\$ab9559948
=019  c\$a2081819
=019  2\$ab9559948
=019  s\$aoaoc04389
=022  \\$a1360-0982
=039  0\$a2349
=040  \\$aUk$cUk
=082  04$a016.3058927$220
=210  0\$aIndex Islam.$b(1995)
=222  \0$aIndex Islamicus$b(1995)
=245  00$aIndex Islamicus.
=260  \\$aLondon :$bBowker Saur,$c1995-
=260  3\$32001-$aLeiden, The Netherlands :$bBrill Academic Publishers
=300  \\$av. ;$c24 cm.
=310  \\$aQuarterly (including a bound annual volume)
=336  \\$atext$2rdacontent
=337  \\$aunmediated$2rdamedia
=338  \\$avolume$2rdacarrier
=362  0\$a1994, no. 1-
=515  \\$aIssues cover the literature of the previous year; annual cumulations dated 1993-
=540  \\$aCurrent Copyright Fee: GBP22.00$c74\0$5Uk
=595  \\$aSEE ALSO SERIAL STORES AND 7181.375 SEE ALSO 4380.46503 AND 4380.46505 FOR OTHER H&SS HOLDINGS.
=650  \0$aCivilization, Islamic$xBibliography$xPeriodicals.
=650  \0$aIslam$xStudy and teaching$xBibliography$xPeriodicals.
=651  \0$aArab countries$xBibliography$xPeriodicals.
=776  0\$tIndex Islamicus on CD-ROM$x1470-384X
=780  00$tQuarterly index Islamicus$x0308-7395
=852  41$aBritish Library$bDSC$j4380.465000$31906/1955-no. 3 (2009)***UKRR-Excluded-Out of Scope
=852  41$aBritish Library$bOC$jZP.9.a.1383
=852  11$aBritish Library$bOC$cSPHOA$kOIB$h297.016$31993-***UKRR-Excluded-Out of Scope
=852  41$aBritish Library$bOC$jST 1668$31993-2000***UKRR-Excluded-Out of Scope
=852  41$aBritish Library$bHMNTS$jZC.9.a.4271$31993-2007***UKRR-Excluded-Out of Scope
=856  \\$31850-9999$uhttp://booksandjournals.brillonline.com/$xBLDSS
=945  \\$aINDEX ISLAMICUS.
=958  \\$a15006.e.4
=959  \\$fHeld but not currently received
=963  \\$a1665- 1985 *A=1; 1993- *A=1$bY$cR620.300
=985  \\$aResponsibility for ISSN transferred to ISSN Netherlands from ISSN UK Centre, 27.01.2011
=A02  \\$a2081819
=A02  \\$a1333144$z133144
=A02  \\$a2555308$z133143
=A02  \\$a1332457$z132457
=ACF  \\$aPrevious copyright fee: GBP12.00$c0$e01-jan-2012$fGBP12.00$g0$hA$5Uk
=ACF  \\$aPrevious copyright fee: GBP5.00$c0$e01-jul-1999$fGBP5.00$g0$hC$5Uk
=ACF  \\$aCurrent copyright fee: GBP2.50$c0$e01-jul-1998$fGBP2.50$g0$hC$5Uk
=ACF  \\$aCurrent copyright fee: GBP2.30$c0$e01-apr-1997$fGBP2.30$g0$hC$5Uk
=ACF  \\$aPrevious copyright fee: GBP10.50$c0$e01-jan-2011$fGBP10.50$g0$hA$5Uk
=CAT  \\$aCONV$b00$c20040425$lBLL90$h0847
=CAT  \\$a8874$b40$c20050726$lBLL01$h1647
=CAT  \\$a8874$b40$c20050727$lBLL01$h1707
=CAT  \\$aglobal_upd$b40$c20060417$lBLL01$h1710
=CAT  \\$a6537$b40$c20090807$lBLL01$h1230
=CAT  \\$aCDS08-UPD$b40$c20090903$lBLL01$h1746
=CAT  \\$aBATCH$b00$c20091122$lBLL01$h1159
=CAT  \\$aBATCH-UPD$b00$c20101201$lBLL01$h1224
=CAT  \\$aIPL-CLA$c20101231$lBLL01$h1304
=CAT  \\$a11313$b40$c20110127$lBLL01$h1302
=CAT  \\$a8874$b40$c20110513$lBLL01$h1447
=CAT  \\$aWR11_203$c20111204$lBLL01$h1342
=CAT  \\$aIPL-CLA$c20111230$lBLL01$h1805
=CAT  \\$aBATCH-CLA$b00$c20121104$lBLL01$h1005
=CAT  \\$aWR13.005$c20130323$lBLL01$h1235
=CAT  \\$aBATCH-CLA$c20131217$lBLL01$h1824
=CAT  \\$aIPL-CLA$c20131231$lBLL01$h2016
=CAT  \\$aWR14_140$c20140905$lBLL01$h1734
=CAT  \\$a5552$b40$c20151006$lBLL01$h1201
=CAT  \\$aBLDSS-3PM$b00$c20151021$lBLL01$h1702
=CAT  \\$aBATCH-UPD$b00$c20160413$lBLL01$h1806
=CAT  \\$aBATCH-UPD$b00$c20160522$lBLL01$h2342
=CAT  \\$aBATCH-UPD$b00$c20160524$lBLL01$h2259
=CAT  \\$a5410$b40$c20160929$lBLL01$h1040
=CAT  \\$a10806$b40$c20210421$lBLL01$h1445
=CAT  \\$aBATCH-FIX$c20230511$lBLL01$h1626
=CFI  0\$aCurrent copyright fee: GBP22.00$c74\0$e06-oct-2015$fGBP22.00$g0$hP$5Uk
=CFI  2\$aPrevious Copyright Fee: GBP12.30$c0$e01-jan-2014$fGBP12.30$g0$hA$5Uk
=FFP  \\$aY$bBLDSS-3PM
=FIN  \\$aY
=FMT  \\$a  SE
=LAS  \\$aBATCH-FIX$b00$c20230511$lBLL01$h1626
=LEO  \\$aMP5.0000829425
=LEO  \\$aMP10.0000280232
=LEO  \\$aMP13.0000333609
=LEO  \\$aMP22.0000047908
=SRC  \\$aBNB03$bbibmp5.200404.2.ab
=SRC  \\$aDSS01$bbibmp10.200404.2.aa
=SRC  \\$aHSS01$bbibmp13.200404.2.aa
=SRC  \\$aISN01$bbibmp22.200404.2.aa
=SRC  \\$aDSS02$bbibh.200404.2.aa
=TCO  \\$aNLD$bSTICHTING REPRORECHT$c008
=UNO  \\$aY

