=LDR  08742cas a2201801 a 4500
=001  009542349
=003  Uk
=005  20230209233235.0
=007  ta
=008  820209d19192005enkqr\p\\\\\\\0\\\a0eng\\
=010  \\$asn 85008709
=019  0\$as202338002
=019  x\$a0252530055
=019  c\$a2032168
=019  c\$a2090870
=022  0\$a0005-772X$z0366-0052
=030  \\$aBEWOAN
=040  \\$aUk$cUk$dUk
=042  \\$ansdp$aukblsr
=070  0\$a424.8$bB399
=072  \0$aL000
=072  \0$aL002
=082  04$a638.1$221
=084  \\$aEE 80$2blsrissc
=210  0\$aBee world
=222  \0$aBee world
=245  04$aThe bee world.
=246  13$aBee world :$ba journal of the International Bee Research Association$fvol. 79, no. 1 (1998)
=246  30$aJournal of the International Bee Research Association
=260  \\$aBenson :$bApis Club,$c1919-
=260  2\$31952-1976$aGerrards Cross, Bucks. :$bBee Research Association
=260  2\$31977-$aGerrards Cross, Bucks. :$bInternational Bee Research Association
=260  3\$aCardiff :$bInternational Bee Research Association
=300  \\$a86 v. :$bill. ;$c22-28 cm.
=310  \\$aQuarterly
=321  \\$aMonthly,$b1919-61
=336  \\$atext$2rdacontent
=337  \\$aunmediated$2rdamedia
=338  \\$avolume$2rdacarrier
=362  0\$aVol. 1 (June 1919)-vol. 86, no. 4 (Dec. 2005)
=500  \\$aOfficial organ of the Apis Club, -1951; of the International Bee Research Association ( -1976 called Bee Research Association).
=500  \\$aOfficial organ of the International Commission for Plant-Bee Relationships.
=510  2\$aChemical abstracts$x0009-2258$b1919-1983
=525  \\$aSome vols. have supplements.
=540  \\$aCurrent Copyright Fee: GBP47.15$c0$5Uk
=550  \\$aPublished 1919-51 by the Apis Club; -1976 by the International Bee Research Association under its earlier name: Bee Research Association.
=555  \\$aVol. 1-30, 1919-49. l v.
=580  \\$aVol. 31-42, June 1950-1961 include Apicultural abstracts, v.[1]-12, also reprinted and issued separately; published separately from v.13, spring 1962.
=595  \\$aSee also Serial Records HORN WL and ENT.
=650  \0$aBees$vPeriodicals.
=710  2\$aApis Club.
=710  2\$aBee Research Association.
=710  2\$aInternational Bee Research Association.
=710  2\$aInternational Commission for Plant-Bee Relationships.
=785  04$tJournal of apicultural research$x0021-8839
=787  1\$tApicultural abstracts$x0003-648X
=852  41$aBritish Library$bDSC$j1876.000000$3Vol. 13 (1932/33)-v. 86, no. 4 (2005)***UKRR Retained Title
=852  71$aBritish Library$bSTI$k(P)$hEE 80$m-E(11)$2blsrissc$3Volume 11 (1930)-Volume 86, Number 5 (2005)
=852  41$aBritish Library$bHMNTS$jP.P.2043.ad.$31919-
=945  \\$aBee world
=959  \\$fHeld but not currently received
=963  \\$aVOL. 28(2), 1947- *A=1$bN$cL441.B.29
=968  \\$bx
=985  \\$aResponsibility for ISSN transferred to ISSN International Centre from ISSN UK Centre, 23.02.2010
=985  \\$aRecord merged by DQ team
=ACF  \\$aPrevious Copyright Fee: GBP12.00$c0$e01-apr-2012$fGBP12.00$g0$hC$5Uk
=ACF  \\$aPrevious Copyright Fee: GBP12.00$c0$e01-jan-2012$fGBP12.00$g0$hC$5Uk
=ACF  \\$aPrevious Copyright Fee: GBP10.50$c0$e01-oct-2011$fGBP10.50$g0$hC$5Uk
=ACF  \\$aPrevious Copyright Fee: GBP10.50$c0$e01-jul-2011$fGBP10.50$g0$hC$5Uk
=ACF  \\$aPrevious Copyright Fee: GBP10.50$c0$e01-apr-2011$fGBP10.50$g0$hC$5Uk
=ACF  \\$aPrevious Copyright Fee: GBP10.50$c0$e01-jan-2011$fGBP10.50$g0$hC$5Uk
=ACF  \\$aPrevious Copyright Fee: GBP9.00$c0$e01-oct-2010$fGBP9.00$g0$hC$5Uk
=ACF  \\$aPrevious Copyright Fee: GBP9.00$c0$e01-jul-2010$fGBP9.00$g0$hC$5Uk
=ACF  \\$aPrevious Copyright Fee: GBP9.00$c0$e01-apr-2010$fGBP9.00$g0$hC$5Uk
=ACF  \\$aPrevious Copyright Fee: GBP9.00$c0$e01-Jan-2010$fGBP9.00$g0$hC$5Uk
=ACF  \\$aPrevious Copyright Fee: GBP6.00$c0$e01-oct-2009$fGBP6.00$g0$hC$5Uk
=ACF  \\$aPrevious Copyright Fee: GBP6.00$c0$e01-jul-2009$fGBP6.00$g0$hC$5Uk
=ACF  \\$aPrevious Copyright Fee: GBP6.00$c0$e01-apr-2009$fGBP6.00$g0$hC$5Uk
=ACF  \\$aPrevious Copyright Fee: GBP6.00$c0$e01-jan-2009$fGBP6.00$g0$hC$5Uk
=ACF  \\$aPrevious Copyright Fee: GBP6.00$c0$e01-oct-2008$fGBP6.00$g0$hC$5Uk
=ACF  \\$aPrevious Copyright Fee: GBP6.00$c0$e01-jul-2008$fGBP6.00$g0$hC$5Uk
=ACF  \\$aPrevious Copyright Fee: GBP6.00$c0$e01-apr-2008$fGBP6.00$g0$hC$5Uk
=ACF  \\$aPrevious Copyright Fee: GBP6.00$c0$e01-jan-2008$fGBP6.00$g0$hC$5Uk
=ACF  \\$aPrevious Copyright Fee: GBP5.00$c0$e01-oct-2007$fGBP5.00$g0$hC$5Uk
=ACF  \\$aPrevious Copyright Fee: GBP5.00$c0$e01-jul-2007$fGBP5.00$g0$hC$5Uk
=ACF  \\$aPrevious Copyright Fee: GBP5.00$c0$e01-apr-2007$fGBP5.00$g0$hC$5Uk
=ACF  \\$aPrevious Copyright Fee: GBP5.00$c0$e01-jan-2007$fGBP5.00$g0$hC$5Uk
=ACF  \\$aPrevious Copyright Fee: GBP5.00$c0$e01-oct-2006$fGBP5.00$g0$hC$5Uk
=ACF  \\$aPrevious Copyright Fee: GBP5.00$c0$e01-jul-2006$fGBP5.00$g0$hC$5Uk
=ACF  \\$aPrevious Copyright Fee: GBP5.00$c0$e01-apr-2006$fGBP5.00$g0$hC$5Uk
=ACF  \\$aPrevious Copyright Fee: GBP5.00$c0$e01-jan-2006$fGBP5.00$g0$hC$5Uk
=ACF  \\$aPrevious Copyright Fee: GBP5.00$c0$e01-oct-2005$fGBP5.00$g0$hC$5Uk
=ACF  \\$aPrevious Copyright Fee: GBP5.00$c0$e01-jul-2005$fGBP5.00$g0$hC$5Uk
=ACF  \\$aPrevious Copyright Fee: GBP5.00$c0$e01-apr-2005$fGBP5.00$g0$hC$5Uk
=ACF  \\$aPrevious Copyright Fee: GBP5.00$c0$e01-jan-2005$fGBP5.00$g0$hC$5Uk
=ACF  \\$aPrevious Copyright Fee: GBP5.00$c0$e01-oct-2004$fGBP5.00$g0$hC$5Uk
=ACF  \\$aPrevious copyright fee: GBP5.00$c0$e01-jul-2002$fGBP5.00$g0$hC$5Uk
=ACF  \\$aCurrent copyright fee: GBP2.11$c0$e01-jul-2001$fGBP2.11$g0$hC$5Uk
=ACF  \\$aCurrent copyright fee: GBP2.00$c0$e01-jul-2000$fGBP2.00$g0$hC$5Uk
=ACF  \\$aPrevious Copyright Fee: GBP12.00$c0$e01-jul-2012$fGBP12.00$g0$hC$5Uk
=ACF  \\$aPrevious Copyright Fee: GBP12.00$c0$e01-oct-2012$fGBP12.00$g0$hC$5Uk
=ACF  \\$aPrevious Copyright Fee: GBP12.30$c0$e01-jan-2014$fGBP12.30$g0$hC$5Uk
=ACF  \\$aPrevious Copyright Fee: GBP35.65$c0$e01-jan-2016$fGBP35.65$g0$hC$5Uk
=ACF  \\$aPrevious Copyright Fee: GBP37.95$c0$e01-apr-2017$fGBP37.95$g0$hC$5Uk
=ACF  \\$aPrevious Copyright Fee: GBP40.25$c0$e01-apr-2018$fGBP40.25$g0$hC$5Uk
=ACF  \\$aPrevious Copyright Fee: GBP42.55$c0$e01-apr-2019$fGBP42.55$g0$hC$5Uk
=ACF  \\$aPrevious Copyright Fee: GBP44.85$c0$e01-apr-2020$fGBP44.85$g0$hC$5Uk
=ACF  \\$aPrevious Copyright Fee: GBP47.15$c0$e01-apr-2021$fGBP47.15$g0$hC$5Uk
=CAT  \\$aCONV$b00$c20040425$lBLL90$h0848
=CAT  \\$aIPL-CLA$c20111230$lBLL01$h1805
=CAT  \\$aBATCH-CLA$b00$c20120229$lBLL01$h1640
=CAT  \\$aIPL-CLA$c20120330$lBLL01$h1405
=CAT  \\$aBATCH-CLA$b00$c20120531$lBLL01$h1713
=CAT  \\$aBATCH-UPD$b00$c20120614$lBLL01$h2126
=CAT  \\$aIPL-CLA$c20120629$lBLL01$h1002
=CAT  \\$aBATCH-CLA$b00$c20120831$lBLL01$h1533
=CAT  \\$aIPL-CLA$c20120930$lBLL01$h2023
=CAT  \\$aBATCH-CLA$b00$c20121104$lBLL01$h1004
=CAT  \\$aBATCH-CLA$b00$c20131129$lBLL01$h1634
=CAT  \\$aIPL-CLA$c20131231$lBLL01$h2017
=CAT  \\$aBATCH-CLA$b00$c20151127$lBLL01$h1629
=CAT  \\$aIPL-CLA$c20151231$lBLL01$h1910
=CAT  \\$aBATCH-CLA$b00$c20170228$lBLL01$h1631
=CAT  \\$aIPL-CLA$c20170331$lBLL01$h1832
=CAT  \\$aBATCH-CLA$b00$c20180228$lBLL01$h1639
=CAT  \\$aIPL-CLA$c20180331$lBLL01$h1603
=CAT  \\$aBATCH-CLA$b00$c20190228$lBLL01$h1623
=CAT  \\$aIPL-CLA$c20190331$lBLL01$h1722
=CAT  \\$aBATCH-CLA$b00$c20200228$lBLL01$h1634
=CAT  \\$aIPL-CLA$c20200331$lBLL01$h1606
=CAT  \\$aBATCH-CLA$b00$c20210227$lBLL01$h1013
=CAT  \\$aIPL-CLA$c20210331$lBLL01$h1656
=CAT  \\$aBATCH-CLA$b00$c20221130$lBLL01$h1448
=CAT  \\$aIPL-CLA$c20221231$lBLL01$h1436
=CAT  \\$aBATCH-CLA$b00$c20230209$lBLL01$h1535
=CAT  \\$aIPL-CLA$c20230209$lBLL01$h2332
=CFI  0\$aCurrent Copyright Fee: GBP47.15$c0$e09-feb-2023$fGBP47.15$g0$hC$5Uk
=CFI  2\$aBritish Library not licensed to copy$c0$e01-jan-2023$hC$iCFP Excluded$5Uk
=FIN  \\$aY
=FMT  \\$a  SE
=LAS  \\$aIPL-CLA$b00$c20230209$lBLL01$h2332
=LEO  \\$aMP1.0000299697
=LEO  \\$aMP10.0000090245
=LEO  \\$aMP10.0000313746
=LEO  \\$aMP22.0000000193
=LEO  \\$aMP25.0000074646
=SID  \\$aZ39$bOCLC
=SRC  \\$aBLS01$bbibmp1.200404.2.aa
=SRC  \\$aDSS01$bbibmp10.200404.2.aa
=SRC  \\$aISN01$bbibmp22.200404.2.aa
=SRC  \\$aSRI01$bbibmp25.200404.2.aa
=TCO  \\$aCLA$bCLA$c008
=TOC  \\$aETOC

