=LDR  05406cas a2201225 a 4500
=001  009542698
=003  Uk
=005  20211231153732.0
=007  ta
=008  040419c19599999ne\sr\p\\\\\\\0\\\a0mul\\
=019  c\$a2064799
=019  x\$a2530970203
=019  0\$as104367008
=022  0\$a0013-4686$y0019-4686
=040  \\$aUk$cUk$dUk
=041  0\$aeng$afre$ager
=082  04$a541.37$221
=084  \\$aLG 30$2blsrissc
=210  0\$aElectrochim. acta
=222  \0$aElectrochimica acta
=245  00$aElectrochimica acta.
=260  \\$aOxford :$bPergamon Press,$c1959-
=264  31$aAmsterdam:$bElsevier
=300  \\$av. ;$c25 cm.
=310  \\$aSemimonthly, with extra issues in Jan., Apr., July and Oct.,$b<1999- >
=321  \\$aMonthly,$bApr. 1959-
=321  \\$aMonthly, with extra issues in Feb., May and Sept.,$b<1992-
=336  \\$atext$2rdacontent
=337  \\$aunmediated$2rdamedia
=338  \\$avolume$2rdacarrier
=362  0\$aVol. 1 (Apr. 1959)-
=525  \\$aIncludes supplements.
=530  \\$aAlso issued online.
=540  \\$aCurrent copyright fee: GBP34.30$c5\1$5Uk
=546  \\$aIn English, French and German with summaries in all three languages.
=550  \\$aPublished under the auspices of the International Committee for Electrochemical Thermodynamics and Kinetics, from 1972 International Society of Electrochemistry.
=588  \\$aLatest issue consulted: volume 101, 1 July 2013.
=650  \0$aElectrochemistry$vPeriodicals.
=650  \0$aElectrochemistry, Industrial$vPeriodicals.
=710  2\$aInternational Committee for Electrochemical Thermodynamics and Kinetics.
=710  2\$aInternational Society of Electrochemistry.
=776  08$iAlso issued online as:$tElectrochimica acta$x1873-3859
=852  41$aBritish Library$bHMNTS$jDZK.9.x.212$3Held in STII up to Dec 2000. Transferred to RS&CD from 2001 onwards Held in Boston Spa but unavailable for reference, access via ESTAR only see SRIS SACHET NB. received dates for 2001/2 issues unreliable please check individual issues for stamp date
=852  41$aBritish Library$bHMNTS$jP.P.1509.haf.
=852  41$aBritish Library$bDSC$j3698.950000$3Vol. 1, issue 1 (1959)-v. 55, issue 2 (2010)***UKRR Retained Title***Title now taken as electronic copy
=852  71$aBritish Library$bSTI$k(P)$hLG 30$m-E(4)$2blsrissc$31959-2000 ; Vol.1-46
=856  \\$31850-9999$uhttp://www.elsevier.com/journals$xBLDSS
=945  \\$aElectrochimica Acta.
=959  \\$fHeld but not currently received
=963  \\$aVOL. 1, 1959- *A=1$bY$cP360:7.B.16
=964  \\$aVOL. 1, 1959- *A=1$c541$dO$eJE365
=985  \\$aRecord merged by DQ team
=985  \\$aISSN responsibility taken by ISSN Netherlands, June 18 2015.
=ACF  \\$aPrevious copyright fee: GBP19.00$c5\5$e01-jan-2008$fGBP19.00$g0$hP$5Uk
=ACF  \\$aPrevious copyright fee: GBP18.00$c5\5$e01-apr-2004$fGBP18.00$g0$hP$5Uk
=ACF  \\$aCurrent copyright fee: GBP20.00$c5\5$e01-jan-2003$fGBP20.00$g0$hP$5Uk
=ACF  \\$aCurrent copyright fee: GBP15.00$c5\5$e01-jul-2002$fGBP15.00$g0$hP$5Uk
=ACF  \\$aPrevious copyright fee: GBP20.00$c5\1$e01-jan-2009$fGBP20.00$g0$hP$5Uk
=ACF  \\$aPrevious copyright fee: GBP21.00$c5\1$e01-jan-2012$fGBP21.00$g0$hP$5Uk
=ACF  \\$aPrevious copyright fee: GBP22.50$c5\1$e01-jan-2013$fGBP22.50$g0$hP$5Uk
=ACF  \\$aPrevious copyright fee: GBP23.40$c5\1$e01-jan-2018$fGBP23.40$g0$hP$5Uk
=CAT  \\$aCONV$b00$c20040425$lBLL90$h0848
=CAT  \\$aBATCH-UPD$b40$c20090101$lBLL01$h0009
=CAT  \\$aBATCH$b00$c20090101$lBLL01$h0142
=CAT  \\$aCDS-UPD$b40$c20091208$lBLL01$h2210
=CAT  \\$aCDS-UPD$b40$c20091208$lBLL01$h2233
=CAT  \\$aWR11_155$c20111021$lBLL01$h1325
=CAT  \\$aWR11_155$c20111114$lBLL01$h1645
=CAT  \\$aBATCH-UPD$b00$c20111123$lBLL01$h1850
=CAT  \\$aIPL-CLA$c20111230$lBLL01$h1805
=CAT  \\$aBATCH-CLA$b00$c20121104$lBLL01$h1004
=CAT  \\$aBATCH-UPD$b00$c20121121$lBLL01$h1653
=CAT  \\$aIPL-CLA$c20121231$lBLL01$h1251
=CAT  \\$aIPL-CLA$c20130102$lBLL01$h1655
=CAT  \\$aWR13.005$c20130323$lBLL01$h1235
=CAT  \\$a11315$b40$c20130710$lBLL01$h1509
=CAT  \\$aBLDSS-3PM$b00$c20141222$lBLL01$h1710
=CAT  \\$a5110$b40$c20150512$lBLL01$h1445
=CAT  \\$a11313$b40$c20150618$lBLL01$h1110
=CAT  \\$aBATCH-UPD$b40$c20160413$lBLL01$h1806
=CAT  \\$aBATCH-UPD$b40$c20170304$lBLL01$h1044
=CAT  \\$aBATCH-UPD$b40$c20171121$lBLL01$h1739
=CAT  \\$aIPL-CLA$c20171231$lBLL01$h1440
=CAT  \\$aBATCH-UPD$b00$c20190521$lBLL01$h1431
=CAT  \\$aIPL-CLA$c20190630$lBLL01$h1527
=CAT  \\$aBATCH-UPD$b00$c20211119$lBLL01$h1549
=CAT  \\$aIPL-CLA$c20211231$lBLL01$h1537
=CFI  0\$aCurrent copyright fee: GBP34.30$c5\1$e01-jan-2022$fGBP34.30$g0$hP$5Uk
=CFI  2\$aPrevious copyright fee: GBP32.84$c5\1$e01-jul-2019$fGBP32.84$g0$hP$5Uk
=EST  \\$a2
=FFP  \\$aY$bBLDSS-3PM
=FIN  \\$aY
=FMT  \\$a  SE
=LAS  \\$aIPL-CLA$b00$c20211231$lBLL01$h1537
=LEO  \\$aMP1.0003029132
=LEO  \\$aMP25.0000019925
=LEO  \\$aMP10.0000205554
=LEO  \\$aMP22.0000000656
=LET  \0$aElectrochimica acta (Print)
=SRC  \\$aBLS01$bbibmp1.200404.2.ad
=SRC  \\$aSRI01$bbibmp25.200404.2.aa
=SRC  \\$aDSS01$bbibmp10.200404.2.aa
=SRC  \\$aISN01$bbibmp22.200404.2.aa
=TCO  \\$aCLA$bCLA$c008
=TOC  \\$aETOC

