=LDR  04832cas a2201165 a 4500
=001  009543013
=003  Uk
=005  20211231153733.0
=007  ta
=008  771001d19562001enkqr\p\\\\\\\0\\\a0eng\\
=019  c\$a2093021
=019  0\$as097837008
=019  x\$a0994190042
=022  0\$a0021-8634
=030  \\$aJAERA2
=040  \\$aUk$cUk$dUk
=041  0\$aeng$bfre$bger
=082  0\$a631.305
=084  \\$aDQ 20$2blsrissc
=210  0\$aJ. agric. eng. res.$b(Print)
=222  \0$aJournal of agricultural engineering research$b(Print)
=245  00$aJournal of agricultural engineering research
=260  \\$aLondon :$bAcademic Press,$c1956-2001.
=300  \\$bill. ;$c25 cm.
=310  \\$aQuarterly
=321  \\$a8 issues yearly,$b<July 1984->
=321  \\$aBimonthly,$bSept. 1981-
=321  \\$a4 nos. a year,$b<1956->
=336  \\$atext$2rdacontent
=337  \\$aunmediated$2rdamedia
=338  \\$avolume$2rdacarrier
=362  0\$av. 1-79, 1956-2001.
=540  \\$aCurrent copyright fee: GBP34.30$c5\1$5Uk
=550  \\$aVols. for <July 1984-> published for the British Society for Research in Agricultural Engineering.
=595  \\$aCONTD AS 2089.6705 VOL. 81, 2002- SEE ALSO SERIAL RECORDS SCRI AND MET.
=650  \0$aAgricultural engineering$vPeriodicals.
=710  2\$aBritish Society for Research in Agricultural Engineering.
=776  0\$tJournal of agricultural engineering research (Online)$x1095-9246
=785  00$tBiosystems engineering$x1537-5110
=852  41$aBritish Library$bDSC$j4921.000000$3Vol. 1, no. 1 (1956)-v. 80, no. 4 (2001)***UKRR Retained Title***Stock Incomplete
=852  71$aBritish Library$bSTI$k(P)$hDQ 20$m-E(7)$2blsrissc$3Vol.1, 1956- 80(4), 2001; Deficient: vol.44, no.3, 1989
=856  \\$31850-9999$uhttp://www.elsevier.com/journals$xBLDSS
=945  \\$aJOURNAL OF AGRICULTURAL ENGINEERING RESEARCH.
=959  \\$fHeld but not currently received
=963  \\$aVOL. 1, 1956- *A=1$bY$cP440.B.161
=968  \\$aC
=985  \\$aRecord merged by DQ team
=985  \\$aUS ISSN Centre hold responsibility for this multi-national publisher.
=985  \\$aUpgraded by BSS-generated file for WR2011-1473
=A02  \\$a2093021
=ACF  \\$aPrevious copyright fee: GBP19.00$c5\9$e01-jan-2008$fGBP19.00$g0$hP$5Uk
=ACF  \\$aPrevious copyright fee: GBP18.00$c5\9$e01-apr-2004$fGBP18.00$g0$hP$5Uk
=ACF  \\$aCurrent copyright fee: GBP20.00$c5\9$e01-jan-2003$fGBP20.00$g0$hP$5Uk
=ACF  \\$aCurrent copyright fee: GBP22.50$c0$e01-jul-2002$fGBP22.50$g0$hC$5Uk
=ACF  \\$aPrevious copyright fee: GBP20.00$c5\1$e01-jan-2009$fGBP20.00$g0$hP$5Uk
=ACF  \\$aPrevious copyright fee: GBP21.00$c5\1$e01-jan-2012$fGBP21.00$g0$hP$5Uk
=ACF  \\$aPrevious copyright fee: GBP22.50$c5\1$e01-jan-2013$fGBP22.50$g0$hP$5Uk
=ACF  \\$aPrevious copyright fee: GBP23.40$c5\1$e01-jan-2018$fGBP23.40$g0$hP$5Uk
=CAT  \\$aCONV$b00$c20040425$lBLL90$h0848
=CAT  \\$a8874$b40$c20080618$lBLL01$h0946
=CAT  \\$a8874$b40$c20080618$lBLL01$h1031
=CAT  \\$aBATCH-UPD$b40$c20081119$lBLL01$h1612
=CAT  \\$aBATCH-UPD$b40$c20081231$lBLL01$h2225
=CAT  \\$aBATCH-UPD$b40$c20090101$lBLL01$h0009
=CAT  \\$aBATCH$b00$c20090101$lBLL01$h0142
=CAT  \\$aWR11_155$c20111021$lBLL01$h1330
=CAT  \\$aWR11_155$c20111114$lBLL01$h1647
=CAT  \\$aBATCH-UPD$b00$c20111123$lBLL01$h1850
=CAT  \\$aIPL-CLA$c20111230$lBLL01$h1805
=CAT  \\$aBATCH-UPD$b00$c20120614$lBLL01$h2126
=CAT  \\$aBATCH-CLA$b00$c20121104$lBLL01$h1004
=CAT  \\$aBATCH-UPD$b00$c20121121$lBLL01$h1653
=CAT  \\$aIPL-CLA$c20121231$lBLL01$h1251
=CAT  \\$aIPL-CLA$c20130102$lBLL01$h1655
=CAT  \\$aWR13.005$c20130323$lBLL01$h1236
=CAT  \\$aBLDSS-3PM$b00$c20141222$lBLL01$h1710
=CAT  \\$aBATCH-UPD$b00$c20170725$lBLL01$h1902
=CAT  \\$aBATCH-UPD$b00$c20171121$lBLL01$h1739
=CAT  \\$aIPL-CLA$c20171231$lBLL01$h1440
=CAT  \\$aBATCH-UPD$b00$c20190521$lBLL01$h1431
=CAT  \\$aIPL-CLA$c20190630$lBLL01$h1527
=CAT  \\$aW2011-1473$b00$c20201124$lBLL01$h1837
=CAT  \\$aBATCH-UPD$b00$c20211119$lBLL01$h1549
=CAT  \\$aIPL-CLA$c20211231$lBLL01$h1537
=CFI  0\$aCurrent copyright fee: GBP34.30$c5\1$e01-jan-2022$fGBP34.30$g0$hP$5Uk
=CFI  2\$aPrevious copyright fee: GBP32.84$c5\1$e01-jul-2019$fGBP32.84$g0$hP$5Uk
=FFP  \\$aY$bBLDSS-3PM
=FIN  \\$aY
=FMT  \\$a  SE
=LAS  \\$aIPL-CLA$b00$c20211231$lBLL01$h1537
=LEO  \\$aMP25.0000015774
=LEO  \\$aMP10.0000318796
=LEO  \\$aMP22.0000001100
=LEO  \\$aMP1.0001186530
=SRC  \\$aBLS01$bbibmp1.200404.2.ab
=SRC  \\$aSRI01$bbibmp25.200404.2.aa
=SRC  \\$aDSS01$bbibmp10.200404.2.aa
=SRC  \\$aISN01$bbibmp22.200404.2.aa
=TCO  \\$aCLA$bCLA$c008
=TOC  \\$aETOC

