=LDR  05106cas a22011897a 4500
=001  009543063
=003  Uk
=005  20211231153733.0
=007  ta
=008  771001c19699999enkmr\p\\\\\\\0\\\a0eng\\
=019  c\$a2094669
=019  0\$as202273016
=022  0\$a0022-3417
=030  \\$aJPTLAS
=040  \\$aUk$cUk$dUk
=082  04$a616.07$221
=084  \\$aGQ 70$2blsrissc
=210  0\$aJ. Pathol.
=222  \0$aJournal of Pathology
=245  00$aJournal of pathology.
=260  \\$aHarlow :$bLongman,$c1969-
=260  3\$aChichester :$bWiley
=300  \\$av. :$bill. ;$c25 cm.
=310  \\$aMonthly
=336  \\$atext$2rdacontent
=337  \\$aunmediated$2rdamedia
=338  \\$avolume$2rdacarrier
=500  \\$aPublished monthly plus an additional annual review.
=500  \\$aLatest issue consulted: Vol. 210, no. 3 (Nov. 2006)
=540  \\$aCurrent copyright fee: GBP46.00$c35\0$5Uk
=550  \\$aOfficial journal of the Pathological Society of Great Britain and Ireland.
=580  \\$aFrom 1984 incorporates "Diagnostic histopathology", q.v.
=595  \\$aFORMERLY 5030.0 UP TO VOL. 96, 1968 ABSORBS 3579.6576 SEE ALSO 5030.0 FOR H&SS HOLDINGS.
=650  \0$aPathology$vPeriodicals.
=710  2\$aPathological Society of Great Britain and Ireland.
=776  0\$tJournal of pathology (Online)$x1096-9896
=780  00$tJournal of pathology and bacteriology$x0368-3494
=780  05$tDiagnostic histopathology$x0272-7749
=852  41$aBritish Library$bDSC$j5029.900000$3Vol. 97, no. 1 (1969)-v. 228, no. 4 (2012)***UKRR Retained Title
=852  71$aBritish Library$bSTI$k(P)$hGQ 70$m-E(3)$2blsrissc$3Vol. 97 (1969)-v. 230, no. 1 (2013)***title now taken as electronic copy only
=856  \\$31850-9999$uhttp://onlinelibrary.wiley.com/$xBLDSS
=886  2\$2blmarc$a029$b00$aS202273008$aS286087014
=945  \\$aJOURNAL OF PATHOLOGY.
=959  \\$fHeld but not currently received
=963  \\$aCA/M-7 VOL. 97, 1969- *A=1$bY
=964  \\$aVOL. 97, 1969- *A=1$c61$dO$eJJ82
=985  \\$aRecord merged by SUNCAT team
=985  \\$aISSN responsibility held by U.S. ISSN Centre - 5/7/2012.
=A02  \\$a2094669
=ACF  \\$aPrevious Copyright Fee: GBP20.00$c0$e01-jan-2005$fGBP20.00$g0$hC$5Uk
=ACF  \\$aPrevious Copyright Fee: GBP20.00$c0$e01-oct-2004$fGBP20.00$g0$hC$5Uk
=ACF  \\$aPrevious copyright fee: GBP20.00$c0$e01-oct-2001$fGBP20.00$g0$hC$5Uk
=ACF  \\$aCurrent copyright fee: GBP12.00$c0$e01-jul-1999$fGBP12.00$g0$hC$5Uk
=ACF  \\$aCurrent copyright fee: GBP10.94$c0$e01-apr-1999$fGBP10.94$g0$hC$5Uk
=ACF  \\$aPrevious Copyright Fee: GBP17.00$c35\0$e01-apr-2005$fGBP17.00$g0$hP$5Uk
=ACF  \\$aPrevious copyright fee: GBP22.00$c35\0$e01-jan-2011$fGBP22.00$g0$hP$5Uk
=ACF  \\$aPrevious copyright fee: GBP24.00$c35\0$e01-mar-2015$fGBP24.00$g0$hP$5Uk
=ACF  \\$aPrevious copyright fee: GBP28.00$c35\0$e01-jan-2019$fGBP28.00$g0$hP$5Uk
=CAT  \\$aCONV$b00$c20040425$lBLL90$h0848
=CAT  \\$aBATCH$b00$c20091209$lBLL01$h0437
=CAT  \\$aBATCH$b00$c20091214$lBLL01$h0520
=CAT  \\$aBATCH$b00$c20091216$lBLL01$h0128
=CAT  \\$aBATCH-UPD$b00$c20101116$lBLL01$h1334
=CAT  \\$aIPL-CLA$c20101231$lBLL01$h1304
=CAT  \\$aBATCH-UPD$b00$c20120614$lBLL01$h2127
=CAT  \\$a11316$b40$c20120705$lBLL01$h1425
=CAT  \\$aBATCH-CLA$b00$c20121104$lBLL01$h1004
=CAT  \\$aWR12_168$c20121206$lBLL01$h1835
=CAT  \\$aWR13.005$c20130323$lBLL01$h1236
=CAT  \\$aBATCH-CLA$b00$c20140125$lBLL01$h1316
=CAT  \\$aBATCH-CLA$c20140225$lBLL01$h2315
=CAT  \\$aBLDSS-3PM$b00$c20141214$lBLL01$h1519
=CAT  \\$aBATCH-UPD$b00$c20150215$lBLL01$h1652
=CAT  \\$aIPL-CLA$c20150228$lBLL01$h2043
=CAT  \\$aBATCH-UPD$b00$c20160413$lBLL01$h1806
=CAT  \\$aBATCH-UPD$b00$c20170112$lBLL01$h1024
=CAT  \\$aBATCH-UPD$b00$c20180219$lBLL01$h1741
=CAT  \\$aBATCH-UPD$b00$c20181121$lBLL01$h1618
=CAT  \\$aIPL-CLA$c20181231$lBLL01$h1535
=CAT  \\$aR1911-0245$c20191127$lBLL01$h0945
=CAT  \\$aR1911-0245$c20191127$lBLL01$h1044
=CAT  \\$aIPL-CLA$c20191231$lBLL01$h1801
=CAT  \\$aW2111-0842$c20211209$lBLL01$h1035
=CAT  \\$aIPL-CLA$c20211231$lBLL01$h1537
=CFI  0\$aCurrent copyright fee: GBP46.00$c35\0$e01-jan-2022$fGBP46.00$g0$hP$5Uk
=CFI  2\$aPrevious Copyright Fee: GBP39.00$c35\0$e01-jan-2020$fGBP39.00$g0$hP$5Uk
=FFP  \\$aY$bBLDSS-3PM
=FIN  \\$aY
=FMT  \\$a  SE
=LAS  \\$aIPL-CLA$b00$c20211231$lBLL01$h1537
=LEO  \\$aMP25.0000074620
=LEO  \\$aMP10.0000324418
=LEO  \\$aMP22.0000001181
=LKR  \\$aPAR$b010999102$lBLL01$r78005$mJournal of Pathology$nDiagnostic histopathology
=LKR  \\$aPAR$b010491359$lBLL01$r78000$mJournal of Pathology$nJournal of Pathology and Bacteriology
=LKR  \\$aPAR$b013344233$lBLL01$r776$mJournal of Pathology$nJournal of pathology (Online)
=SRC  \\$aSRI01$bbibmp25.200404.2.aa
=SRC  \\$aDSS01$bbibmp10.200404.2.aa
=SRC  \\$aISN01$bbibmp22.200404.2.aa
=TCO  \\$aCLA$bCLA$c008
=TOC  \\$aETOC
=UNO  \\$aY

