=LDR  04751cas a2201165 a 4500
=001  009543077
=003  Uk
=005  20211231153733.0
=007  ta
=008  771001c19649999ne\wr\p\\\\\\\0\\\a0eng\\
=019  x\$a253187030X
=019  c\$a2095116
=022  0\$a0022-460X
=030  \\$aJSVIA
=040  \\$aUk$cUk$dUk
=082  04$a620.205$223
=084  \\$aRX 00$2blsrissc
=210  0\$aJ. sound vib.
=222  \0$aJournal of sound and vibration
=245  00$aJournal of sound and vibration.
=246  13$aJSV
=260  \\$aLondon ;$aNew York :$bAcademic Press.
=264  31$aAmsterdam :$bElsevier
=300  \\$av. :$bill. ;$c26 cm.
=310  \\$aWeekly
=336  \\$atext$2rdacontent
=337  \\$aunmediated$2rdamedia
=338  \\$avolume$2rdacarrier
=362  0\$aVol. 1, no. 1 (Jan. 1964)-
=500  \\$aJournal of the Institute of Acoustics.
=540  \\$aCurrent copyright fee: GBP34.30$c5\1$5Uk
=588  \\$aLatest issue consulted: volume 332, issue 4 (18 February 2013).
=595  \\$aSEE ALSO CARD INDEX.
=650  \0$aSound$vPeriodicals.
=650  \0$aVibration$vPeriodicals.
=710  2\$aInstitute of Acoustics (Great Britain)
=776  08$iAlso issued online as:$tJournal of sound and vibration$x1095-8568
=852  41$aBritish Library$bHMNTS$jP.P.8003.fl.
=852  41$aBritish Library$bDSC$j5065.850000$3Vol. 1, no. 1 (1964)-v. 330, no. 26 (2011)***Stock incomplete***UKRR Retained Title
=852  71$aBritish Library$bSTI$k(P)$hRX 00$m-E(4)$2blsrissc$3Vol. 1 (1963)-v. 238, no. 52000 (14 Dec 2000). ; Deficient: vol.187, no.4, 1995
=852  41$aBritish Library$bHMNTS$jDZK.9.x.666$3Vol. 239, no. 1 (4 Jan. 2001)- v. 344 (2015)***Title now taken as electronic copy
=856  \\$31850-9999$uhttp://www.elsevier.com/journals$xBLDSS
=945  \\$aJournal of sound and vibration.
=959  \\$fHeld but not currently received
=963  \\$aVOL. 1, 1964- *A=1$bY$cP354.B.1
=964  \\$aVOL. 1, 1964- *A=1$c534$dO$eJJ8835
=985  \\$aRecord merged by DQ team
=985  \\$aISSN responsibility held by United States ISSN Center 24/8/06
=A02  \\$a2095116
=ACF  \\$aPrevious copyright fee: GBP19.00$c5\9$e01-jan-2008$fGBP19.00$g0$hP$5Uk
=ACF  \\$aPrevious copyright fee: GBP18.00$c5\9$e01-apr-2004$fGBP18.00$g0$hP$5Uk
=ACF  \\$aCurrent copyright fee: GBP20.00$c5\9$e01-jan-2003$fGBP20.00$g0$hP$5Uk
=ACF  \\$aCurrent copyright fee: GBP22.50$c0$e01-jul-2002$fGBP22.50$g0$hC$5Uk
=ACF  \\$aPrevious copyright fee: GBP20.00$c5\1$e01-jan-2009$fGBP20.00$g0$hP$5Uk
=ACF  \\$aPrevious copyright fee: GBP21.00$c5\1$e01-jan-2012$fGBP21.00$g0$hP$5Uk
=ACF  \\$aPrevious copyright fee: GBP22.50$c5\1$e01-jan-2013$fGBP22.50$g0$hP$5Uk
=ACF  \\$aPrevious copyright fee: GBP23.40$c5\1$e01-jan-2018$fGBP23.40$g0$hP$5Uk
=CAT  \\$aCONV$b00$c20040425$lBLL90$h0848
=CAT  \\$aCDS-UPD$b40$c20091208$lBLL01$h2210
=CAT  \\$aCDS-UPD$b40$c20091208$lBLL01$h2233
=CAT  \\$aBATCH$b00$c20091209$lBLL01$h0437
=CAT  \\$aBATCH$b00$c20091214$lBLL01$h0520
=CAT  \\$aBATCH$b00$c20091216$lBLL01$h0128
=CAT  \\$a8874$b40$c20110202$lBLL01$h1414
=CAT  \\$aWR11_155$c20111021$lBLL01$h1330
=CAT  \\$aWR11_155$c20111114$lBLL01$h1647
=CAT  \\$aBATCH-UPD$b00$c20111123$lBLL01$h1850
=CAT  \\$aIPL-CLA$c20111230$lBLL01$h1805
=CAT  \\$aBATCH-CLA$b00$c20121104$lBLL01$h1004
=CAT  \\$aBATCH-UPD$b00$c20121121$lBLL01$h1653
=CAT  \\$aIPL-CLA$c20121231$lBLL01$h1251
=CAT  \\$aIPL-CLA$c20130102$lBLL01$h1656
=CAT  \\$aWR13.005$c20130323$lBLL01$h1236
=CAT  \\$a5110$b40$c20130815$lBLL01$h0920
=CAT  \\$aBLDSS-3PM$b00$c20141222$lBLL01$h1710
=CAT  \\$a11315$b40$c20150505$lBLL01$h1102
=CAT  \\$aBATCH-UPD$b40$c20170304$lBLL01$h1045
=CAT  \\$aBATCH-UPD$b40$c20171121$lBLL01$h1739
=CAT  \\$aIPL-CLA$c20171231$lBLL01$h1440
=CAT  \\$aBATCH-UPD$b00$c20190521$lBLL01$h1431
=CAT  \\$aIPL-CLA$c20190630$lBLL01$h1527
=CAT  \\$aBATCH-UPD$b00$c20211119$lBLL01$h1549
=CAT  \\$aIPL-CLA$c20211231$lBLL01$h1537
=CFI  0\$aCurrent copyright fee: GBP34.30$c5\1$e01-jan-2022$fGBP34.30$g0$hP$5Uk
=CFI  2\$aPrevious copyright fee: GBP32.84$c5\1$e01-jul-2019$fGBP32.84$g0$hP$5Uk
=EST  \\$a2
=FFP  \\$aY$bBLDSS-3PM
=FIN  \\$aY
=FMT  \\$a  SE
=LAS  \\$aIPL-CLA$b00$c20211231$lBLL01$h1537
=LEO  \\$aMP1.0003032252
=LEO  \\$aMP10.0000325838
=LEO  \\$aMP22.0000001204
=LEO  \\$aMP25.0000024743
=SRC  \\$aBLS01$bbibmp1.200404.2.ad
=SRC  \\$aDSS01$bbibmp10.200404.2.aa
=SRC  \\$aSRI01$bbibmp25.200404.2.aa
=SRC  \\$aISN01$bbibmp22.200404.2.aa
=TCO  \\$aCLA$bCLA$c008
=TOC  \\$aETOC

