=LDR  06533cas a2201333 a 4500
=001  009543255
=003  Uk
=005  20230209233246.0
=007  ta
=008  770722c19059999enkqr\p\\\\\\\0\\\a0eng\\
=019  c\$a2109822
=019  x\$a2532480211
=022  0\$a0026-7937
=040  \\$aUk$cUk$dUk
=082  0\$a405
=210  0\$aMod. lang. rev.
=222  \0$aModern language review
=245  04$aThe Modern language review.
=260  \\$aLondon :$bModern Humanities Research Association
=300  \\$av. ;$c24 cm.
=310  \\$aQuarterly
=336  \\$atext$2rdacontent
=337  \\$aunmediated$2rdamedia
=338  \\$avolume$2rdacarrier
=362  1\$aBegan with vol. 1 (Oct. 1905)
=500  \\$aA quarterly journal devoted to the study of medieval and modern literature and philology.
=500  \\$aEditors: 1905-July 1933, J.G. Robertson (with others); Oct. 1933-<Oct. 1951> C.J. Sisson (with others).
=525  \\$aThe Bulletin of the Modern Humanities Research Association, no. 17-23 (Jan. 1923-July 1924) (PB6.M53, no. 17-23) was issued as a separately paged supplement to v. 18-19 of the Review.
=530  \\$aIssued also online.
=540  \\$aCurrent Copyright Fee: GBP10.00$c0$5Uk
=555  \\$aVols. 1-10, Oct. 1905-July 1915 (Issued as v. 10, no. 4, Oct. 1915) with v. 10; Vols. 11-20, 1916-25. 1 v.; Vols. 21-30, 1926-35. 1 v.; Vols. 31-50, 1936-55. 1 v.; Vols. 51-60, 1951-65. 1 v.
=595  \\$aSEE ALSO SERIAL RECORDS KCS LANG BOD DFE AND SCE.
=650  \0$aPhilology, Modern$vPeriodicals.
=700  1\$aRobertson, John George,$d1867-1933.
=700  1\$aSisson, Charles Jasper,$d1885-1966.
=710  2\$aModern Humanities Research Association.
=780  01$tModern language quarterly (London. 1900)$x2047-1211
=787  0\$tModern language teaching$x2047-122X
=852  41$aBritish Library$bDSC$j5887.600000$3Vol. 1 (1906)-v. 111 (2016)***UKRR Retained Title
=852  41$aBritish Library$bHMNTS$jP.P.4970.ca.$3Vol. 1 (1905)-
=945  \\$aMODERN LANGUAGE REVIEW.
=959  \\$fHeld but not currently received
=963  \\$aVOL. 1, 1905- *A=1$bY$cP700.C.15
=985  \\$aRecord merged by DQ team.
=985  \\$aResponsibility for ISSN transferred to IC from ISSN UK, 19.06.07.
=A02  \\$a2109822
=ACF  \\$aPrevious Copyright Fee: GBP10.00$c0$e01-apr-2012$fGBP10.00$g0$hC$5Uk
=ACF  \\$aPrevious Copyright Fee: GBP12.00$c0$e31-jan-2012$fGBP12.00$g0$hA$5Uk
=ACF  \\$aPrevious Copyright Fee: GBP18.00$c47\0$e01-apr-2010$fGBP18.00$g0$hP$5Uk
=ACF  \\$aPrevious Copyright Fee: GBP10.00$c0$e01-Jan-2010$fGBP10.00$g0$hC$5Uk
=ACF  \\$aPrevious Copyright Fee: GBP10.00$c0$e01-oct-2009$fGBP10.00$g0$hC$5Uk
=ACF  \\$aPrevious Copyright Fee: GBP10.00$c0$e01-jul-2009$fGBP10.00$g0$hC$5Uk
=ACF  \\$aPrevious Copyright Fee: GBP10.00$c0$e01-apr-2009$fGBP10.00$g0$hC$5Uk
=ACF  \\$aPrevious Copyright Fee: GBP10.00$c0$e01-jan-2009$fGBP10.00$g0$hC$5Uk
=ACF  \\$aPrevious Copyright Fee: GBP10.00$c0$e01-oct-2008$fGBP10.00$g0$hC$5Uk
=ACF  \\$aPrevious Copyright Fee: GBP10.00$c0$e01-jul-2008$fGBP10.00$g0$hC$5Uk
=ACF  \\$aPrevious Copyright Fee: GBP10.00$c0$e01-apr-2008$fGBP10.00$g0$hC$5Uk
=ACF  \\$aPrevious Copyright Fee: GBP10.00$c0$e01-jan-2008$fGBP10.00$g0$hC$5Uk
=ACF  \\$aPrevious Copyright Fee: GBP10.00$c0$e01-oct-2007$fGBP10.00$g0$hC$5Uk
=ACF  \\$aPrevious Copyright Fee: GBP10.00$c0$e01-jul-2007$fGBP10.00$g0$hC$5Uk
=ACF  \\$aPrevious Copyright Fee: GBP10.00$c0$e01-apr-2007$fGBP10.00$g0$hC$5Uk
=ACF  \\$aPrevious Copyright Fee: GBP10.00$c0$e01-jan-2007$fGBP10.00$g0$hC$5Uk
=ACF  \\$aPrevious Copyright Fee: GBP10.00$c0$e01-oct-2006$fGBP10.00$g0$hC$5Uk
=ACF  \\$aPrevious Copyright Fee: GBP10.00$c0$e01-jul-2006$fGBP10.00$g0$hC$5Uk
=ACF  \\$aPrevious Copyright Fee: GBP5.00$c0$e01-apr-2006$fGBP5.00$g0$hC$5Uk
=ACF  \\$aPrevious Copyright Fee: GBP5.00$c0$e01-jan-2006$fGBP5.00$g0$hC$5Uk
=ACF  \\$aPrevious Copyright Fee: GBP5.00$c0$e01-oct-2005$fGBP5.00$g0$hC$5Uk
=ACF  \\$aPrevious Copyright Fee: GBP5.00$c0$e01-jul-2005$fGBP5.00$g0$hC$5Uk
=ACF  \\$aPrevious Copyright Fee: GBP5.00$c0$e01-apr-2005$fGBP5.00$g0$hC$5Uk
=ACF  \\$aPrevious Copyright Fee: GBP5.00$c0$e01-jan-2005$fGBP5.00$g0$hC$5Uk
=ACF  \\$aPrevious Copyright Fee: GBP5.00$c0$e01-oct-2004$fGBP5.00$g0$hC$5Uk
=ACF  \\$aPrevious copyright fee: GBP5.00$c0$e03-sep-1998$fGBP5.00$g0$hC$5Uk
=ACF  \\$aCurrent copyright fee: GBP4.60$c0$e01-apr-1997$fGBP4.60$g0$hC$5Uk
=ACF  \\$aPrevious Copyright Fee: GBP10.00$c0$e01-jul-2012$fGBP10.00$g0$hC$5Uk
=ACF  \\$aPrevious Copyright Fee: GBP10.00$c0$e01-oct-2012$fGBP10.00$g0$hC$5Uk
=CAT  \\$aCONV$b00$c20040425$lBLL90$h0848
=CAT  \\$aBATCH-CLA$b00$c20100224$lBLL01$h1158
=CAT  \\$a5552$b40$c20100311$lBLL01$h1128
=CAT  \\$aBATCH-UPD$b40$c20100331$lBLL01$h2143
=CAT  \\$aBATCH-UPD$b40$c20100401$lBLL01$h0115
=CAT  \\$aBATCH$b00$c20100401$lBLL01$h0422
=CAT  \\$aBATCH$b00$c20100401$lBLL01$h1437
=CAT  \\$a10806$b40$c20110503$lBLL01$h1054
=CAT  \\$a10806$b40$c20110503$lBLL01$h1109
=CAT  \\$a10806$b40$c20110503$lBLL01$h1124
=CAT  \\$a8874$b40$c20110616$lBLL01$h0906
=CAT  \\$aCDS12-UPD$b40$c20111002$lBLL01$h2317
=CAT  \\$a5552$b40$c20120131$lBLL01$h1242
=CAT  \\$aBATCH-CLA$b00$c20120229$lBLL01$h1624
=CAT  \\$aIPL-CLA$c20120330$lBLL01$h1405
=CAT  \\$aBATCH-CLA$b00$c20120531$lBLL01$h1714
=CAT  \\$aBATCH-UPD$b00$c20120614$lBLL01$h2127
=CAT  \\$aIPL-CLA$c20120629$lBLL01$h1002
=CAT  \\$aBATCH-CLA$b00$c20120831$lBLL01$h1526
=CAT  \\$aIPL-CLA$c20120930$lBLL01$h2024
=CAT  \\$aBATCH-CLA$b00$c20121104$lBLL01$h1004
=CAT  \\$aWR13.005$c20130323$lBLL01$h1236
=CAT  \\$aBATCH-CLA$b00$c20221130$lBLL01$h1449
=CAT  \\$aIPL-CLA$c20221231$lBLL01$h1437
=CAT  \\$aBATCH-CLA$b00$c20230209$lBLL01$h1536
=CAT  \\$aIPL-CLA$c20230209$lBLL01$h2332
=CFI  0\$aCurrent Copyright Fee: GBP10.00$c0$e09-feb-2023$fGBP10.00$g0$hC$5Uk
=CFI  2\$aBritish Library not licensed to copy$c0$e01-jan-2023$hC$iCFP Excluded$5Uk
=FIN  \\$aY
=FMT  \\$a  SE
=LAS  \\$aIPL-CLA$b00$c20230209$lBLL01$h2332
=LEO  \\$aMP1.0003034222
=LEO  \\$aMP10.0000379191
=LEO  \\$aMP22.0000001445
=SRC  \\$aBLS01$bbibmp1.200404.2.ad
=SRC  \\$aDSS01$bbibmp10.200404.2.aa
=SRC  \\$aISN01$bbibmp22.200404.2.aa
=TCO  \\$aCLA$bCLA$c008
=TOC  \\$aETOC

