=LDR  04492 as a2201105 a 4500
=001  009543366
=003  Uk
=005  20200331160624.0
=007  ta
=008  771001d19681994xxkmr\p\\\\\\\0\\\a0mul\\
=019  c\$a2120803
=019  0\$as126013004
=022  0\$a0030-493X
=030  \\$aORMSBG
=040  \\$aUk$cUk$dUk
=082  04$a543.65$222
=084  \\$aKW 88$2blsrissc
=210  0\$aOrg. mass spectrom.
=222  \0$aOrganic mass spectrometry
=245  00$aOrganic mass spectrometry.
=246  03$aOMS
=260  \\$aLondon :$bHeyden & Son,$c1968-1994.
=300  \\$a29 v. :$bill. ;$c26 cm.
=310  \\$aMonthly,$b1969-1994
=321  \\$aBimonthly,$b1968
=336  \\$atext$2rdacontent
=337  \\$aunmediated$2rdamedia
=338  \\$avolume$2rdacarrier
=362  0\$av. 1-29; Feb. 1968-Dec. 1994.
=540  \\$aCurrent copyright fee: GBP32.00$c35\0$5Uk
=546  \\$aEnglish and German.
=555  \\$aCumulative chemical compound indexes: Vols. 1-2, 1968-69, in v. 2, no. 2; Vols. 1-4, 1968-70, in v. 4; Vols. 1-7, 1968-73, in v. 7, no. 2.
=580  \\$aMerged with: Biological mass spectrometry, to form: Journal of mass spectrometry.
=595  \\$aCONTD AS 5012.1795 VOL. 30, 1995-
=650  \0$aMass spectrometry$vPeriodicals.
=785  17$tBiological mass spectrometry$x1052-9306
=785  17$tJournal of mass spectrometry$x1076-5174
=852  41$aBritish Library$bDSC$j6288.500000$3Vol. 1, no. 1 (1968)-v. 29, no. 12 (1994)***UKRR Retained Title
=852  71$aBritish Library$bSTI$k(P)$hKW 88$m-E(3)$2blsrissc$31968-1994; Vol.1-29.
=856  \\$31850-9999$uhttp://onlinelibrary.wiley.com/$xBLDSS
=945  \\$aORGANIC MASS SPECTROMETRY.
=959  \\$fHeld but not currently received
=963  \\$aVOL. 1, 1968- 29, 1994 *A=1$bY$cP360:3.B.21
=964  \\$aVOL. 1, 1968- *A=1$c543$dO$eJO8533
=985  \\$aRecord merged by DQ team
=985  \\$aISSN responsibility held by United States ISSN Centre (latest publisher recorded as: Wiley) - 17/09/2008
=A02  \\$a2120803
=ACF  \\$aPrevious Copyright Fee: GBP20.00$c0$e01-jan-2005$fGBP20.00$g0$hC$5Uk
=ACF  \\$aPrevious Copyright Fee: GBP20.00$c0$e01-oct-2004$fGBP20.00$g0$hC$5Uk
=ACF  \\$aPrevious copyright fee: GBP20.00$c0$e01-oct-2001$fGBP20.00$g0$hC$5Uk
=ACF  \\$aCurrent copyright fee: GBP12.00$c0$e01-apr-1997$fGBP12.00$g0$hC$5Uk
=ACF  \\$aPrevious Copyright Fee: GBP17.00$c35\0$e07-apr-2005$fGBP17.00$g0$hP$5Uk
=ACF  \\$aPrevious copyright fee: GBP22.00$c35\0$e01-jan-2011$fGBP22.00$g0$hP$5Uk
=ACF  \\$aPrevious copyright fee: GBP24.00$c35\0$e01-mar-2015$fGBP24.00$g0$hP$5Uk
=CAT  \\$aCONV$b00$c20040425$lBLL90$h0848
=CAT  \\$c20050401$lBLL01$h0634
=CAT  \\$c20050401$lBLL01$h0747
=CAT  \\$a5552$b40$c20050407$lBLL01$h0941
=CAT  \\$aglobal_upd$b40$c20060417$lBLL01$h1711
=CAT  \\$aBATCH-UPD$b40$c20060901$lBLL01$h0940
=CAT  \\$aBATCH-UPD$b40$c20060901$lBLL01$h1021
=CAT  \\$a8201$b40$c20080811$lBLL01$h1505
=CAT  \\$aISSN$b40$c20080917$lBLL01$h0905
=CAT  \\$aBATCH$b00$c20091209$lBLL01$h0437
=CAT  \\$aBATCH$b00$c20091214$lBLL01$h0520
=CAT  \\$aBATCH$b00$c20091216$lBLL01$h0128
=CAT  \\$aBATCH-UPD$b00$c20101116$lBLL01$h1334
=CAT  \\$aIPL-CLA$c20101231$lBLL01$h1305
=CAT  \\$aBATCH-UPD$b00$c20120614$lBLL01$h2127
=CAT  \\$aBATCH-CLA$b00$c20121104$lBLL01$h1004
=CAT  \\$aWR13.005$c20130323$lBLL01$h1236
=CAT  \\$aBLDSS-3PM$b00$c20141214$lBLL01$h1519
=CAT  \\$aBATCH-UPD$b00$c20150215$lBLL01$h1652
=CAT  \\$aIPL-CLA$c20150228$lBLL01$h2043
=CAT  \\$aBATCH-UPD$b00$c20170725$lBLL01$h1904
=CAT  \\$aBATCH-UPD$b00$c20180219$lBLL01$h1741
=CAT  \\$aBATCH-UPD$b00$c20181121$lBLL01$h1618
=CAT  \\$aIPL-CLA$c20181231$lBLL01$h1535
=CAT  \\$aBATCH-UPD$b00$c20200219$lBLL01$h1540
=CAT  \\$aIPL-CLA$c20200331$lBLL01$h1606
=CFI  0\$aCurrent copyright fee: GBP32.00$c35\0$e01-apr-2020$fGBP32.00$g0$hP$5Uk
=CFI  2\$aPrevious copyright fee: GBP28.00$c35\0$e01-jan-2019$fGBP28.00$g0$hP$5Uk
=FFP  \\$aY$bBLDSS-3PM
=FIN  \\$aY
=FMT  \\$a  SE
=LAS  \\$aIPL-CLA$b00$c20200331$lBLL01$h1606
=LEO  \\$aMP25.0000029512
=LEO  \\$aMP10.0000424054
=LEO  \\$aMP22.0000001586
=SRC  \\$aSRI01$bbibmp25.200404.2.aa
=SRC  \\$aDSS01$bbibmp10.200404.2.aa
=SRC  \\$aISN01$bbibmp22.200404.2.aa
=TCO  \\$aCLA$bCLA$c008
=TOC  \\$aETOC
=UNO  \\$aY

