=LDR  04763cas a2201177 a 4500
=001  009543430
=003  Uk
=005  20211231153734.0
=007  ta
=008  040419c19599999ne\mx\p\\\\\\\0\\\a0eng\\
=019  c\$a2125095
=019  0\$as103558004
=022  0\$a0032-0633
=030  \\$aPLSSAE
=040  \\$aUk$cUk$dUk
=042  \\$aukblsr
=082  04$a523$221
=084  \\$aOU 30$2blsrissc
=210  0\$aPlanet. space sci.
=222  \0$aPlanetary and space science
=245  00$aPlanetary and space science.
=260  \\$aOxford :$bPergamon Press
=264  31$aAmsterdam :$bElsevier
=300  \\$av. ;$c25 cm.
=310  \\$aFifteen no. a year,$b2000-
=321  \\$aMonthly,$b1959-99
=336  \\$atext$2rdacontent
=337  \\$aunmediated$2rdamedia
=338  \\$avolume$2rdacarrier
=362  0\$av. 1- Jan. 1959-
=500  \\$aSome issues also have distinctive titles.
=500  \\$aEditor: 1959- M. Greenberg.
=510  2\$aChemical abstracts,$x0009-2258
=515  \\$aSome nos. issued in combined form.
=540  \\$aCurrent copyright fee: GBP34.30$c5\1$5Uk
=555  \\$aVols. 1-5, 1959-61, with v. 5; Vols. 6-8, 1961, with v. 8.
=588  \\$aLatest issue consulted: volume 98 (August 2014).
=595  \\$aSEE ALSO SERIAL RECORDS KCS-SE AND MET.
=650  \0$aSpace sciences$vPeriodicals.
=650  \0$aAtmosphere, Upper$vPeriodicals.
=776  08$iAlso issued online as:$tPlanetary and space science$x1873-5088
=852  71$aBritish Library$bSTI$k(P)$hOU 30$m-E(16)$2blsrissc$3Vol. 1 (1959)-v. 48, no. 15 (Dec. 2000).
=852  41$aBritish Library$bHMNTS$jDZK.9.x.270$3Vol. 49, no. 1 (Jan. 2001)-v. 106 (2015)***Title now taken as electronic copy only
=852  41$aBritish Library$bDSC$j6508.320000$3Vol. 1, issue 1 (1959)-v. 58, issue 14/15 (2010)***UKRR Retained Title
=856  \\$31850-9999$uhttp://www.elsevier.com/journals$xBLDSS
=945  \\$aPlanetary and Space Science.
=959  \\$fHeld but not currently received
=963  \\$aCA/U-2 VOL. 1, 1959- *A=1$bY
=964  \\$aVOL. 1, 1959- *A=1$c5:629.78$dO$eJP5
=985  \\$aRecord merged by DQ team
=985  \\$aISSN responsibility assumed by Netherlands
=A02  \\$a2125095
=ACF  \\$aPrevious copyright fee: GBP19.00$c5\5$e01-jan-2008$fGBP19.00$g0$hP$5Uk
=ACF  \\$aPrevious copyright fee: GBP18.00$c5\5$e01-apr-2004$fGBP18.00$g0$hP$5Uk
=ACF  \\$aCurrent copyright fee: GBP20.00$c5\5$e01-jan-2003$fGBP20.00$g0$hP$5Uk
=ACF  \\$aCurrent copyright fee: GBP15.00$c5\5$e01-jul-2002$fGBP15.00$g0$hP$5Uk
=ACF  \\$aPrevious copyright fee: GBP20.00$c5\1$e01-jan-2009$fGBP20.00$g0$hP$5Uk
=ACF  \\$aPrevious copyright fee: GBP21.00$c5\1$e01-jan-2012$fGBP21.00$g0$hP$5Uk
=ACF  \\$aPrevious copyright fee: GBP22.50$c5\1$e01-jan-2013$fGBP22.50$g0$hP$5Uk
=ACF  \\$aPrevious copyright fee: GBP23.40$c5\1$e01-jan-2018$fGBP23.40$g0$hP$5Uk
=CAT  \\$aCONV$b00$c20040425$lBLL90$h0848
=CAT  \\$aCDS-UPD$b40$c20091208$lBLL01$h2210
=CAT  \\$aCDS-UPD$b40$c20091208$lBLL01$h2233
=CAT  \\$aBATCH$b00$c20091209$lBLL01$h0437
=CAT  \\$aBATCH$b00$c20091214$lBLL01$h0520
=CAT  \\$aBATCH$b00$c20091216$lBLL01$h0128
=CAT  \\$a8874$b40$c20110803$lBLL01$h1053
=CAT  \\$aWR11_155$c20111021$lBLL01$h1325
=CAT  \\$aWR11_155$c20111114$lBLL01$h1645
=CAT  \\$aBATCH-UPD$b00$c20111123$lBLL01$h1850
=CAT  \\$aIPL-CLA$c20111230$lBLL01$h1805
=CAT  \\$aBATCH-CLA$b00$c20121104$lBLL01$h1004
=CAT  \\$aBATCH-UPD$b00$c20121121$lBLL01$h1653
=CAT  \\$aIPL-CLA$c20121231$lBLL01$h1251
=CAT  \\$aIPL-CLA$c20130102$lBLL01$h1656
=CAT  \\$aWR13.005$c20130323$lBLL01$h1236
=CAT  \\$a8124$b40$c20140828$lBLL01$h1211
=CAT  \\$aBLDSS-3PM$b00$c20141222$lBLL01$h1710
=CAT  \\$aBATCH-UPD$b00$c20160413$lBLL01$h1806
=CAT  \\$aBATCH-UPD$b00$c20170304$lBLL01$h1045
=CAT  \\$aBATCH-UPD$b00$c20171121$lBLL01$h1739
=CAT  \\$aIPL-CLA$c20171231$lBLL01$h1441
=CAT  \\$aBATCH-UPD$b00$c20190521$lBLL01$h1431
=CAT  \\$aIPL-CLA$c20190630$lBLL01$h1527
=CAT  \\$aBATCH-UPD$b00$c20211119$lBLL01$h1549
=CAT  \\$aIPL-CLA$c20211231$lBLL01$h1537
=CFI  0\$aCurrent copyright fee: GBP34.30$c5\1$e01-jan-2022$fGBP34.30$g0$hP$5Uk
=CFI  2\$aPrevious copyright fee: GBP32.84$c5\1$e01-jul-2019$fGBP32.84$g0$hP$5Uk
=EST  \\$a2
=FFP  \\$aY$bBLDSS-3PM
=FIN  \\$aY
=FMT  \\$a  SE
=LAS  \\$aIPL-CLA$b00$c20211231$lBLL01$h1537
=LEO  \\$aMP25.0000019334
=LEO  \\$aMP10.0000440901
=LEO  \\$aMP22.0000001673
=SRC  \\$aSRI01$bbibmp25.200404.2.aa
=SRC  \\$aDSS01$bbibmp10.200404.2.aa
=SRC  \\$aISN01$bbibmp22.200404.2.aa
=TCO  \\$aCLA$bCLA$c008
=TOC  \\$aETOC

