=LDR  07515cas a2201585 a 4500
=001  009544584
=003  Uk
=005  20230210004943.0
=007  ta
=008  810210c19659999enkar\\\\\\\\\0\\\a0eng\\
=015  \\$aGB8110566$2bnb
=019  c\$a2179160
=019  y\$aB8110566
=019  x\$a2534670018
=019  9\$ab8110566
=019  1\$ab8110566
=022  0\$a0084-2508$z0512-3909
=039  0\$a1630
=040  \\$aUk$cUk$dUk
=050  00$aL16
=082  04$a370.5$219
=210  0\$aWorld yearb. educ.
=222  \0$aWorld yearbook of education
=245  00$aWorld yearbook of education.
=246  13$aWorld year book of education
=260  \\$aLondon :$bKogan Page ;$aNew York :$bNichols Publishing Company.
=260  2\$32004-$aLondon :$bRoutledgeFalmer.
=264  31$32015-$aAbingdon :$bRoutledge
=300  \\$av. ;$c24cm.
=310  \\$aAnnual
=336  \\$atext$2rdacontent
=337  \\$aunmediated$2rdamedia
=338  \\$avolume$2rdacarrier
=540  \\$aCurrent Copyright Fee: GBP25.00$c0$5Uk
=595  \\$aFORMERLY 9411.674 CHANGE BETWEEN 1963 AND 1967 SEE ALSO SERIAL RECORDS BOD.
=650  \0$aEducation$vPeriodicals.
=653  \\$aEducation$aSerials
=780  00$tYear book of education (London, England)$x0950-1223
=852  41$aBritish Library$bHMNTS$jP.P.2506.all.
=852  41$aBritish Library$bHMNTS$jP.521/3496$31980-2012
=852  41$aBritish Library$bDSC$j9360.450000$31965-2010***UKRR Retained Title***Stock Incomplete
=945  \\$aWorld yearbook of education.
=957  \\$a810305C
=959  \\$fHeld but not currently received
=963  \\$a1965- 1974 *A=1; 1979- *A=1$bY$cP240.C.241
=985  \\$aRecord merged by DQ team
=985  \\$aISSN note: responsibility for ISSN transferred to US ISSN Center from the UK as now published by Routledge (US responsibility under multinational publisher agreement). 09.10.15
=A02  \\$a2179160
=ACF  \\$aPrevious Copyright Fee: GBP12.00$c0$e01-apr-2012$fGBP12.00$g0$hC$5Uk
=ACF  \\$aPrevious Copyright Fee: GBP12.00$c0$e01-jan-2012$fGBP12.00$g0$hC$5Uk
=ACF  \\$aPrevious Copyright Fee: GBP10.50$c0$e01-oct-2011$fGBP10.50$g0$hC$5Uk
=ACF  \\$aPrevious Copyright Fee: GBP10.50$c0$e01-jul-2011$fGBP10.50$g0$hC$5Uk
=ACF  \\$aPrevious Copyright Fee: GBP10.50$c0$e01-apr-2011$fGBP10.50$g0$hC$5Uk
=ACF  \\$aPrevious Copyright Fee: GBP10.50$c0$e01-jan-2011$fGBP10.50$g0$hC$5Uk
=ACF  \\$aPrevious Copyright Fee: GBP9.00$c0$e01-oct-2010$fGBP9.00$g0$hC$5Uk
=ACF  \\$aPrevious Copyright Fee: GBP9.00$c0$e01-jul-2010$fGBP9.00$g0$hC$5Uk
=ACF  \\$aPrevious Copyright Fee: GBP9.00$c0$e01-apr-2010$fGBP9.00$g0$hC$5Uk
=ACF  \\$aPrevious Copyright Fee: GBP9.00$c0$e01-Jan-2010$fGBP9.00$g0$hC$5Uk
=ACF  \\$aPrevious Copyright Fee: GBP6.00$c0$e01-oct-2009$fGBP6.00$g0$hC$5Uk
=ACF  \\$aPrevious Copyright Fee: GBP6.00$c0$e01-jul-2009$fGBP6.00$g0$hC$5Uk
=ACF  \\$aPrevious Copyright Fee: GBP6.00$c0$e01-apr-2009$fGBP6.00$g0$hC$5Uk
=ACF  \\$aPrevious Copyright Fee: GBP6.00$c0$e01-jan-2009$fGBP6.00$g0$hC$5Uk
=ACF  \\$aPrevious Copyright Fee: GBP6.00$c0$e01-oct-2008$fGBP6.00$g0$hC$5Uk
=ACF  \\$aPrevious Copyright Fee: GBP6.00$c0$e01-jul-2008$fGBP6.00$g0$hC$5Uk
=ACF  \\$aPrevious Copyright Fee: GBP6.00$c0$e01-apr-2008$fGBP6.00$g0$hC$5Uk
=ACF  \\$aPrevious Copyright Fee: GBP6.00$c0$e01-jan-2008$fGBP6.00$g0$hC$5Uk
=ACF  \\$aPrevious Copyright Fee: GBP5.00$c0$e01-oct-2007$fGBP5.00$g0$hC$5Uk
=ACF  \\$aPrevious Copyright Fee: GBP5.00$c0$e01-jul-2007$fGBP5.00$g0$hC$5Uk
=ACF  \\$aPrevious Copyright Fee: GBP5.00$c0$e01-apr-2007$fGBP5.00$g0$hC$5Uk
=ACF  \\$aPrevious Copyright Fee: GBP5.00$c0$e01-jan-2007$fGBP5.00$g0$hC$5Uk
=ACF  \\$aPrevious Copyright Fee: GBP5.00$c0$e01-oct-2006$fGBP5.00$g0$hC$5Uk
=ACF  \\$aPrevious Copyright Fee: GBP5.00$c0$e01-jul-2006$fGBP5.00$g0$hC$5Uk
=ACF  \\$aPrevious Copyright Fee: GBP5.00$c0$e01-apr-2006$fGBP5.00$g0$hC$5Uk
=ACF  \\$aPrevious Copyright Fee: GBP5.00$c0$e01-jan-2006$fGBP5.00$g0$hC$5Uk
=ACF  \\$aPrevious Copyright Fee: GBP5.00$c0$e01-oct-2005$fGBP5.00$g0$hC$5Uk
=ACF  \\$aPrevious Copyright Fee: GBP5.00$c0$e01-jul-2005$fGBP5.00$g0$hC$5Uk
=ACF  \\$aPrevious Copyright Fee: GBP5.00$c0$e01-apr-2005$fGBP5.00$g0$hC$5Uk
=ACF  \\$aPrevious Copyright Fee: GBP5.00$c0$e01-jan-2005$fGBP5.00$g0$hC$5Uk
=ACF  \\$aPrevious Copyright Fee: GBP5.00$c0$e01-oct-2004$fGBP5.00$g0$hC$5Uk
=ACF  \\$aPrevious copyright fee: GBP5.00$c0$e01-jul-2002$fGBP5.00$g0$hC$5Uk
=ACF  \\$aCurrent copyright fee: GBP0.84$c0$e01-jul-2001$fGBP0.84$g0$hC$5Uk
=ACF  \\$aCurrent copyright fee: GBP0.80$c0$e01-jul-2000$fGBP0.80$g0$hC$5Uk
=ACF  \\$aPrevious Copyright Fee: GBP12.00$c0$e01-jul-2012$fGBP12.00$g0$hC$5Uk
=ACF  \\$aPrevious Copyright Fee: GBP12.00$c0$e01-oct-2012$fGBP12.00$g0$hC$5Uk
=ACF  \\$aPrevious Copyright Fee: GBP12.30$c0$e01-jan-2014$fGBP12.30$g0$hC$5Uk
=ACF  \\$aPrevious Copyright Fee: GBP15.00$c0$e01-jan-2017$fGBP15.00$g0$hC$5Uk
=ACF  \\$aPrevious Copyright Fee: GBP17.50$c0$e01-jan-2018$fGBP17.50$g0$hC$5Uk
=ACF  \\$aPrevious Copyright Fee: GBP20.00$c0$e01-jan-2020$fGBP20.00$g0$hC$5Uk
=ACF  \\$aPrevious Copyright Fee: GBP22.50$c0$e01-jan-2021$fGBP22.50$g0$hC$5Uk
=CAT  \\$aCONV$b00$c20040425$lBLL90$h0848
=CAT  \\$aIPL-CLA$c20110930$lBLL01$h1520
=CAT  \\$aBATCH-CLA$b00$c20111130$lBLL01$h1222
=CAT  \\$aIPL-CLA$c20111230$lBLL01$h1806
=CAT  \\$aBATCH-CLA$b00$c20120229$lBLL01$h1632
=CAT  \\$aIPL-CLA$c20120330$lBLL01$h1406
=CAT  \\$aBATCH-CLA$b00$c20120531$lBLL01$h1724
=CAT  \\$aIPL-CLA$c20120629$lBLL01$h1003
=CAT  \\$aBATCH-CLA$b00$c20120831$lBLL01$h1552
=CAT  \\$aIPL-CLA$c20120930$lBLL01$h2025
=CAT  \\$aBATCH-CLA$b00$c20121104$lBLL01$h1004
=CAT  \\$aWR13.005$c20130323$lBLL01$h1236
=CAT  \\$aBATCH-CLA$b00$c20131129$lBLL01$h1658
=CAT  \\$aIPL-CLA$c20131231$lBLL01$h2018
=CAT  \\$aWR14_140$c20140905$lBLL01$h1734
=CAT  \\$a11315$b40$c20151009$lBLL01$h1405
=CAT  \\$aBATCH-CLA$b00$c20161130$lBLL01$h1644
=CAT  \\$aIPL-CLA$c20161230$lBLL01$h1907
=CAT  \\$aBATCH-CLA$b00$c20171130$lBLL01$h1709
=CAT  \\$aIPL-CLA$c20171231$lBLL01$h1441
=CAT  \\$aBATCH-CLA$b00$c20191129$lBLL01$h1617
=CAT  \\$aIPL-CLA$c20191231$lBLL01$h1801
=CAT  \\$aBATCH-CLA$b00$c20201126$lBLL01$h1413
=CAT  \\$aIPL-CLA$c20201231$lBLL01$h2004
=CAT  \\$aBATCH-CLA$b00$c20221130$lBLL01$h1423
=CAT  \\$aIPL-CLA$c20221231$lBLL01$h1918
=CAT  \\$aBATCH-CLA$b00$c20230209$lBLL01$h1511
=CAT  \\$aIPL-CLA$c20230210$lBLL01$h0049
=CFI  0\$aCurrent Copyright Fee: GBP25.00$c0$e09-feb-2023$fGBP25.00$g0$hC$5Uk
=CFI  2\$aBritish Library not licensed to copy$c0$e01-jan-2023$hC$iCFP Excluded$5Uk
=FIN  \\$aY
=FMT  \\$a  SE
=LAS  \\$aIPL-CLA$b00$c20230210$lBLL01$h0049
=LEO  \\$aMP1.0003041262.1
=LEO  \\$aMP5.0000513962
=LEO  \\$aMP13.0000260202
=LEO  \\$aMP10.0000619624
=LEO  \\$aMP22.0000003154
=LKR  \\$aPAR$b011786349$lBLL01$r78000$mWorld yearbook of education$nYear book of education (London, England)
=MIS  \\$ak-sep
=SRC  \\$aBLS01$bbibmp1.200404.2.ad
=SRC  \\$aBNB03$bbibmp5.200404.2.aa
=SRC  \\$aHSS01$bbibmp13.200404.2.aa
=SRC  \\$aDSS01$bbibmp10.200404.2.aa
=SRC  \\$aISN01$bbibmp22.200404.2.aa
=TCO  \\$aCLA$bCLA$c008

