=LDR  06013cas a2201285 a 4500
=001  009544590
=003  Uk
=005  20161201110858.0
=007  ta
=008  771122c19299999enkar\\\\\\\\\0\\\a0eng\\
=019  c\$a2180028
=019  x\$a1001100158
=019  s\$aoagh11695
=022  0\$a0084-4152
=040  \\$aUk$cUk$dUk
=082  04$a809
=210  0\$aYear's work mod. lang. stud.
=222  \0$aYear's work in modern language studies
=245  00$aYear's work in modern language studies.
=260  \\$aLondon :$bModern Humanities Research Association
=300  \\$av. ;$c22 cm.
=310  \\$aAnnual
=336  \\$atext$2rdacontent
=337  \\$aunmediated$2rdamedia
=338  \\$avolume$2rdacarrier
=362  1\$aBegan with vol. 1 (1929/30) published in 1931.
=540  \\$aCurrent copyright fee: GBP22.00$c74\0$5Uk
=595  \\$aLATEST DSC EDITION SHELVED IN DSC READING ROOM AT Q400 SEE ALSO SERIAL RECORDS KCS-LANG AND BOD.
=650  \0$aLanguages, Modern$vPeriodicals.
=650  \0$aLanguages, Modern$vBibliography.
=650  \0$aPhilology, Modern$vBibliography.
=710  2\$aModern Humanities Research Association.
=852  11$aBritish Library$bHMNTS$cSPHOA$kHUR$h809$3Latest issue
=852  41$aBritish Library$bHMNTS$jAc.2658.b/5.$31931-1987
=852  41$aBritish Library$bDSC$j9417.850000$3Vol. 1 (1930/1931)-v. 73 (2011)***UKRR Retained Title
=856  \\$31850-9999$uhttp://booksandjournals.brillonline.com/$xBLDSS
=945  \\$aYEARS WORK IN MODERN LANGUAGE STUDIES.
=959  \\$fHeld but not currently received
=963  \\$aVOL. 1, 1930- *A=1$bY$cP760.C.42
=985  \\$aResponsibility for ISSN transferred to IC from ISSN UK, 19.06.07
=A02  \\$a2180028
=ACF  \\$aPrevious Copyright Fee: GBP10.00$c0$e01-apr-2012$fGBP10.00$g0$hC$5Uk
=ACF  \\$aPrevious Copyright Fee: GBP12.00$c0$e31-jan-2012$fGBP12.00$g0$hA$5Uk
=ACF  \\$aPrevious Copyright Fee: GBP18.00$c47\0$e01-apr-2010$fGBP18.00$g0$hP$5Uk
=ACF  \\$aPrevious Copyright Fee: GBP10.00$c0$e01-Jan-2010$fGBP10.00$g0$hC$5Uk
=ACF  \\$aPrevious Copyright Fee: GBP10.00$c0$e01-oct-2009$fGBP10.00$g0$hC$5Uk
=ACF  \\$aPrevious Copyright Fee: GBP10.00$c0$e01-jul-2009$fGBP10.00$g0$hC$5Uk
=ACF  \\$aPrevious Copyright Fee: GBP10.00$c0$e01-apr-2009$fGBP10.00$g0$hC$5Uk
=ACF  \\$aPrevious Copyright Fee: GBP10.00$c0$e01-jan-2009$fGBP10.00$g0$hC$5Uk
=ACF  \\$aPrevious Copyright Fee: GBP10.00$c0$e01-oct-2008$fGBP10.00$g0$hC$5Uk
=ACF  \\$aPrevious Copyright Fee: GBP10.00$c0$e01-jul-2008$fGBP10.00$g0$hC$5Uk
=ACF  \\$aPrevious Copyright Fee: GBP10.00$c0$e01-apr-2008$fGBP10.00$g0$hC$5Uk
=ACF  \\$aPrevious Copyright Fee: GBP10.00$c0$e01-jan-2008$fGBP10.00$g0$hC$5Uk
=ACF  \\$aPrevious Copyright Fee: GBP10.00$c0$e01-oct-2007$fGBP10.00$g0$hC$5Uk
=ACF  \\$aPrevious Copyright Fee: GBP10.00$c0$e01-jul-2007$fGBP10.00$g0$hC$5Uk
=ACF  \\$aPrevious Copyright Fee: GBP10.00$c0$e01-apr-2007$fGBP10.00$g0$hC$5Uk
=ACF  \\$aPrevious Copyright Fee: GBP10.00$c0$e01-jan-2007$fGBP10.00$g0$hC$5Uk
=ACF  \\$aPrevious Copyright Fee: GBP10.00$c0$e01-oct-2006$fGBP10.00$g0$hC$5Uk
=ACF  \\$aPrevious Copyright Fee: GBP10.00$c0$e01-jul-2006$fGBP10.00$g0$hC$5Uk
=ACF  \\$aPrevious Copyright Fee: GBP5.00$c0$e01-apr-2006$fGBP5.00$g0$hC$5Uk
=ACF  \\$aPrevious Copyright Fee: GBP5.00$c0$e01-jan-2006$fGBP5.00$g0$hC$5Uk
=ACF  \\$aPrevious Copyright Fee: GBP5.00$c0$e01-oct-2005$fGBP5.00$g0$hC$5Uk
=ACF  \\$aPrevious Copyright Fee: GBP5.00$c0$e01-jul-2005$fGBP5.00$g0$hC$5Uk
=ACF  \\$aPrevious Copyright Fee: GBP5.00$c0$e01-apr-2005$fGBP5.00$g0$hC$5Uk
=ACF  \\$aPrevious Copyright Fee: GBP5.00$c0$e01-jan-2005$fGBP5.00$g0$hC$5Uk
=ACF  \\$aPrevious Copyright Fee: GBP5.00$c0$e01-oct-2004$fGBP5.00$g0$hC$5Uk
=ACF  \\$aPrevious copyright fee: GBP5.00$c0$e01-jul-2002$fGBP5.00$g0$hC$5Uk
=ACF  \\$aCurrent copyright fee: GBP2.50$c0$e01-jul-1998$fGBP2.50$g0$hC$5Uk
=ACF  \\$aCurrent copyright fee: GBP2.30$c0$e01-apr-1997$fGBP2.30$g0$hC$5Uk
=ACF  \\$aPrevious Copyright Fee: GBP10.00$c0$e01-jul-2012$fGBP10.00$g0$hC$5Uk
=CAT  \\$aCONV$b00$c20040425$lBLL90$h0848
=CAT  \\$aBATCH-UPD$b00$c20091231$lBLL01$h1751
=CAT  \\$aBATCH-UPD$b00$c20091231$lBLL01$h1821
=CAT  \\$aBATCH$b00$c20091231$lBLL01$h1839
=CAT  \\$aBATCH-CLA$b00$c20100224$lBLL01$h1154
=CAT  \\$a5552$b40$c20100311$lBLL01$h1350
=CAT  \\$aBATCH-UPD$b40$c20100331$lBLL01$h2144
=CAT  \\$aBATCH-UPD$b40$c20100401$lBLL01$h0116
=CAT  \\$aBATCH$b00$c20100401$lBLL01$h0422
=CAT  \\$aBATCH$b00$c20100401$lBLL01$h1438
=CAT  \\$a11315$b40$c20110414$lBLL01$h0902
=CAT  \\$a8874$b40$c20110531$lBLL01$h1125
=CAT  \\$a5552$b40$c20120131$lBLL01$h1242
=CAT  \\$aBATCH-CLA$b00$c20120229$lBLL01$h1614
=CAT  \\$aIPL-CLA$c20120330$lBLL01$h1406
=CAT  \\$aBATCH-CLA$b00$c20120531$lBLL01$h1711
=CAT  \\$aIPL-CLA$c20120629$lBLL01$h1003
=CAT  \\$aBATCH-CLA$b00$c20120831$lBLL01$h1540
=CAT  \\$aIPL-CLA$c20120930$lBLL01$h2025
=CAT  \\$aBATCH-CLA$b00$c20121104$lBLL01$h1004
=CAT  \\$aWR13.005$c20130323$lBLL01$h1236
=CAT  \\$a5552$b40$c20161201$lBLL01$h1108
=CAT  \\$aIPL-CLA$c20161230$lBLL01$h1907
=CAT  \\$aBLDSS-3PM$b00$c20170103$lBLL01$h1638
=CAT  \\$aBATCH-UPD$b00$c20170103$lBLL01$h1642
=CAT  \\$aBATCH-UPD$b00$c20170104$lBLL01$h0051
=CFI  0\$aCurrent copyright fee: GBP22.00$c74\0$e01-jan-2017$fGBP22.00$g0$hP$5Uk
=CFI  2\$aPrevious Copyright Fee: GBP10.00$c0$e01-oct-2012$fGBP10.00$g0$hC$5Uk
=FFP  \\$aY$bBLDSS-3PM
=FIN  \\$aY
=FMT  \\$a  SE
=LAS  \\$aBATCH-UPD$b00$c20170104$lBLL01$h0051
=LEO  \\$aMP1.0001191451
=LEO  \\$aMP10.0000622671
=LEO  \\$aMP22.0000003163
=SRC  \\$aBLS01$bbibmp1.200404.2.ab
=SRC  \\$aDSS01$bbibmp10.200404.2.aa
=SRC  \\$aISN01$bbibmp22.200404.2.aa
=TCO  \\$aCLA$bCLA$c008
=UNO  \\$aY

