=LDR  05163cas a2201165 a 4500
=001  009545524
=003  Uk
=005  20150527084520.0
=007  ta
=008  810210c19789999ne\qr\p\\\\\\\0\\\a0eng\\
=019  c\$a2137251
=022  0\$a0141-4615
=040  \\$aUk$beng$cUk$dUk
=042  \\$aukblsr
=082  04$a625.1005$223
=130  0\$aRail engineering international (1978)
=210  0\$aRail eng. int.$b(1978)
=222  \0$aRail engineering international$b(1978)
=245  10$aRail engineering international.
=260  \\$aChelmsford, Essex :$bBroadfields (Technical Publishers) Ltd,$c1978-
=264  31$aVeenendaal, The Netherlands :$bDe Rooi Publications
=300  \\$av. :$bill. (some col.), ports. (some col.) ;$c30 cm.
=310  \\$aQuarterly
=321  \\$aThrice-annual
=336  \\$atext$2rdacontent
=337  \\$aunmediated$2rdamedia
=338  \\$avolume$2rdacarrier
=362  1\$aBegan in 1978.
=540  \\$aCurrent Copyright Fee: GBP17.50$c0$5Uk
=588  \\$aLatest issue consulted: volume 44, number 1 (edition 2015).
=595  \\$aSEE ALSO SERIAL RECORDS DOE/DT.
=650  \0$aRailroad engineering$vPeriodicals.
=650  \0$aRailroads$vPeriodicals.
=650  \0$aRailroad trains$vPeriodicals.
=780  01$tRail engineering international (1971)$x0048-6612
=852  41$aBritish Library$bDSC$j7242.827000$3Vol. 1 (1971)-v. 40, no. 2 (2011)
=852  71$aBritish Library$bSTI$k(P)$hVL 80$m-E(16)$2blsrissc$31978-
=945  \\$aRail engineering international.
=959  \\$fHeld but not currently received
=963  \\$aVOL. 1, 1971- 23, 1994 *A=1$bN$cL426.B.82
=964  \\$aVOL. 1, 1971- *A=1$c621.1/.6$dQ$eJR0658
=985  \\$aCONFERENCE ANALYTIC RECORDS EXIST
=985  \\$aRecord merged by DQ team
=985  \\$aISSN UK Centre note: responsibility transferred to ISSN Netherlands 27.5.15.
=A02  \\$a2137251
=ACF  \\$aPrevious Copyright Fee: GBP12.00$c0$e01-apr-2012$fGBP12.00$g0$hC$5Uk
=ACF  \\$aPrevious Copyright Fee: GBP12.00$c0$e01-jan-2012$fGBP12.00$g0$hC$5Uk
=ACF  \\$aPrevious Copyright Fee: GBP10.50$c0$e01-oct-2011$fGBP10.50$g0$hC$5Uk
=ACF  \\$aPrevious Copyright Fee: GBP10.50$c0$e01-jul-2011$fGBP10.50$g0$hC$5Uk
=ACF  \\$aPrevious Copyright Fee: GBP10.50$c0$e01-apr-2011$fGBP10.50$g0$hC$5Uk
=ACF  \\$aPrevious Copyright Fee: GBP10.50$c0$e01-jan-2011$fGBP10.50$g0$hC$5Uk
=ACF  \\$aPrevious Copyright Fee: GBP9.00$c0$e01-oct-2010$fGBP9.00$g0$hC$5Uk
=ACF  \\$aPrevious Copyright Fee: GBP9.00$c0$e01-jul-2010$fGBP9.00$g0$hC$5Uk
=ACF  \\$aPrevious Copyright Fee: GBP9.00$c0$e01-apr-2010$fGBP9.00$g0$hC$5Uk
=ACF  \\$aPrevious Copyright Fee: GBP9.00$c0$e01-Jan-2010$fGBP9.00$g0$hC$5Uk
=ACF  \\$aPrevious Copyright Fee: GBP6.00$c0$e01-oct-2009$fGBP6.00$g0$hC$5Uk
=ACF  \\$aPrevious copyright fee: GBP5.00$c0$e01-jul-2002$fGBP5.00$g0$hC$5Uk
=ACF  \\$aCurrent copyright fee: GBP2.50$c0$e01-jul-1998$fGBP2.50$g0$hC$5Uk
=ACF  \\$aCurrent copyright fee: GBP2.30$c0$e01-apr-1997$fGBP2.30$g0$hC$5Uk
=ACF  \\$aPrevious Copyright Fee: GBP12.00$c0$e01-jul-2012$fGBP12.00$g0$hC$5Uk
=ACF  \\$aPrevious Copyright Fee: GBP12.00$c0$e01-oct-2012$fGBP12.00$g0$hC$5Uk
=ACF  \\$aPrevious Copyright Fee: GBP12.30$c0$e01-jan-2014$fGBP12.30$g0$hC$5Uk
=CAT  \\$aCONV$b00$c20040425$lBLL90$h0848
=CAT  \\$aIPL-CLA$c20110630$lBLL01$h1519
=CAT  \\$a8874$b40$c20110831$lBLL01$h1353
=CAT  \\$a8874$b40$c20110831$lBLL01$h1419
=CAT  \\$aBATCH-CLA$b00$c20110831$lBLL01$h1758
=CAT  \\$aIPL-CLA$c20110930$lBLL01$h1520
=CAT  \\$aBATCH-CLA$b00$c20111130$lBLL01$h1206
=CAT  \\$aIPL-CLA$c20111230$lBLL01$h1806
=CAT  \\$aBATCH-CLA$b00$c20120229$lBLL01$h1620
=CAT  \\$aIPL-CLA$c20120330$lBLL01$h1406
=CAT  \\$aBATCH-CLA$b00$c20120531$lBLL01$h1710
=CAT  \\$aBATCH-UPD$b00$c20120614$lBLL01$h2127
=CAT  \\$aIPL-CLA$c20120629$lBLL01$h1003
=CAT  \\$aBATCH-CLA$b00$c20120831$lBLL01$h1539
=CAT  \\$aIPL-CLA$c20120930$lBLL01$h2025
=CAT  \\$aBATCH-CLA$b00$c20121104$lBLL01$h1004
=CAT  \\$aWR13.005$c20130323$lBLL01$h1236
=CAT  \\$aBATCH-CLA$b00$c20131129$lBLL01$h1636
=CAT  \\$aIPL-CLA$c20131231$lBLL01$h2018
=CAT  \\$a11205$b40$c20150427$lBLL01$h1614
=CAT  \\$a10973$b40$c20150522$lBLL01$h1431
=CAT  \\$a10973$b40$c20150527$lBLL01$h0845
=CAT  \\$aBATCH-CLA$b00$c20161130$lBLL01$h1638
=CAT  \\$aIPL-CLA$c20161230$lBLL01$h1908
=CAT  \\$aBATCH-CLA$b00$c20171130$lBLL01$h1705
=CAT  \\$aIPL-CLA$c20171231$lBLL01$h1441
=CFI  0\$aCurrent Copyright Fee: GBP17.50$c0$e01-jan-2018$fGBP17.50$g0$hC$5Uk
=CFI  2\$aPrevious Copyright Fee: GBP15.00$c0$e01-jan-2017$fGBP15.00$g0$hC$5Uk
=FIN  \\$aY
=FMT  \\$a  SE
=LAS  \\$aIPL-CLA$b00$c20171231$lBLL01$h1441
=LEO  \\$aMP10.0000478030
=LEO  \\$aMP22.0000004631
=LKR  \\$aPAR$b012248743$lBLL01$r78001$mRail engineering international (1978)$nRail engineering international (1971)
=SRC  \\$aDSS01$bbibmp10.200404.2.aa
=SRC  \\$aISN01$bbibmp22.200404.2.aa
=TCO  \\$aCLA$bCLA$c008
=TOC  \\$aETOC

