=LDR  04762cas a2201165 a 4500
=001  009545797
=003  Uk
=005  20211231153735.0
=007  ta
=008  790802c19799999enkqr\p\\\\\\\0\\\a0eng\\
=015  \\$aGB7928755$2bnb
=019  c\$a2061418
=019  0\$as158940008
=019  y\$aB7928755
=019  9\$ab7928755
=022  0\$a0141-9382
=040  \\$aUk$cUk$dUk
=050  00$aTK7882.I6
=082  04$a621.38$221
=084  \\$aRR 16$2blsrissc
=210  0\$aDisplays
=222  \0$aDisplays$b(Guildford)
=245  00$aDisplays.
=246  1\$iAlso known as:$aDisplays, technology and applications$fApr. 1979-Oct. 1992
=260  \\$aGuildford, Surrey :$bIPC Science and Technology Press,$c1979-
=300  \\$av. :$bill., ports.;$c30 cm.
=310  \\$aFive issues a year, except Quarterly (Jan., Apr., July, and Oct.)
=336  \\$atext$2rdacontent
=337  \\$aunmediated$2rdamedia
=338  \\$avolume$2rdacarrier
=362  0\$aVol. 1, no. 1, (Apr. 1979)-
=500  \\$aPublisher: Butterworth Scientific, 1982-; Published: Amsterdam, Netherlands : Elsevier, <Dec. 2003-
=510  2\$aChemical abstracts$x0009-2258
=515  \\$aVol. 2 issued in 7 no.
=530  \\$aIssued also on microfiche.
=540  \\$aCurrent copyright fee: GBP34.30$c5\1$5Uk
=595  \\$aSEE ALSO SERIAL REORDS CAA.
=650  \0$aInformation display systems$vPeriodicals.
=852  41$aBritish Library$bDSC$j3598.721500$3Vol. 1, issue 1 (1979)-v. 30, issue 4/5 (2009)***UKRR Retained Title
=852  71$aBritish Library$bSTI$k(P)$hRR 16$m-E(5)$2blsrissc$3Vol. 1 (1979)-v. 21, no. 5 (2000); Deficient: vol.15, no.2, 1994
=852  41$aBritish Library$bHMNTS$jDZK.9.x.358$3Vol. 22, no. 1 (Apr. 2001)-v. 29, no. 3 (2008)
=856  \\$31850-9999$uhttp://www.elsevier.com/journals$xBLDSS
=945  \\$aDISPLAYS.
=959  \\$fHeld but not currently received
=963  \\$aVOL. 1, 1979- *A=1$bY$cL420.B.436
=964  \\$aVOL. 1, 1979- *A=1$c621.37/39$dQ$eJD745
=985  \\$aRecord merged by DQ team
=985  \\$aISSN responsibility held by ISSN Netherlands 23/01/06
=A02  \\$a2061418
=ACF  \\$aPrevious copyright fee: GBP19.00$c5\1$e01-jan-2008$fGBP19.00$g0$hP$5Uk
=ACF  \\$aPrevious copyright fee: GBP18.00$c5\1$e01-apr-2004$fGBP18.00$g0$hP$5Uk
=ACF  \\$aCurrent copyright fee: GBP20.00$c5\1$e01-jan-2003$fGBP20.00$g0$hP$5Uk
=ACF  \\$aCurrent copyright fee: GBP15.00$c5\1$e01-jul-2002$fGBP15.00$g0$hP$5Uk
=ACF  \\$aPrevious copyright fee: GBP20.00$c5\1$e01-jan-2009$fGBP20.00$g0$hP$5Uk
=ACF  \\$aPrevious copyright fee: GBP21.00$c5\1$e01-jan-2012$fGBP21.00$g0$hP$5Uk
=ACF  \\$aPrevious copyright fee: GBP22.50$c5\1$e01-jan-2013$fGBP22.50$g0$hP$5Uk
=ACF  \\$aPrevious copyright fee: GBP23.40$c5\1$e01-jan-2018$fGBP23.40$g0$hP$5Uk
=CAT  \\$aCONV$b00$c20040425$lBLL90$h0848
=CAT  \\$aBATCH-UPD$b00$c20081119$lBLL01$h1558
=CAT  \\$aBATCH-UPD$b00$c20081231$lBLL01$h2226
=CAT  \\$aBATCH-UPD$b00$c20090101$lBLL01$h0010
=CAT  \\$aBATCH$b00$c20090101$lBLL01$h0143
=CAT  \\$aCDS-UPD$b40$c20091208$lBLL01$h2210
=CAT  \\$aCDS-UPD$b40$c20091208$lBLL01$h2233
=CAT  \\$a8201$b40$c20110504$lBLL01$h1410
=CAT  \\$aBATCH-UPD$b40$c20111123$lBLL01$h1850
=CAT  \\$aIPL-CLA$c20111230$lBLL01$h1806
=CAT  \\$aBATCH-CLA$b00$c20121104$lBLL01$h1004
=CAT  \\$aBATCH-UPD$b00$c20121121$lBLL01$h1653
=CAT  \\$aIPL-CLA$c20121231$lBLL01$h1251
=CAT  \\$aIPL-CLA$c20130102$lBLL01$h1656
=CAT  \\$a8874$b40$c20130206$lBLL01$h1016
=CAT  \\$aWR13.005$c20130323$lBLL01$h1236
=CAT  \\$aWR14_140$c20140905$lBLL01$h1734
=CAT  \\$aBLDSS-3PM$b00$c20141222$lBLL01$h1710
=CAT  \\$aBATCH-UPD$b00$c20160413$lBLL01$h1806
=CAT  \\$aBATCH-UPD$b00$c20170304$lBLL01$h1045
=CAT  \\$aBATCH-UPD$b00$c20171121$lBLL01$h1739
=CAT  \\$aIPL-CLA$c20171231$lBLL01$h1441
=CAT  \\$aBATCH-UPD$b00$c20190521$lBLL01$h1431
=CAT  \\$aIPL-CLA$c20190630$lBLL01$h1527
=CAT  \\$aBATCH-UPD$b00$c20211119$lBLL01$h1549
=CAT  \\$aIPL-CLA$c20211231$lBLL01$h1537
=CFI  0\$aCurrent copyright fee: GBP34.30$c5\1$e01-jan-2022$fGBP34.30$g0$hP$5Uk
=CFI  2\$aPrevious copyright fee: GBP32.84$c5\1$e01-jul-2019$fGBP32.84$g0$hP$5Uk
=EST  \\$a2
=FFP  \\$aY$bBLDSS-3PM
=FIN  \\$aY
=FMT  \\$a  SE
=LAS  \\$aIPL-CLA$b00$c20211231$lBLL01$h1537
=LEO  \\$aMP5.0000502398
=LEO  \\$aMP25.0000060078
=LEO  \\$aMP10.0000191836
=LEO  \\$aMP22.0000005084
=SRC  \\$aBNB03$bbibmp5.200404.2.aa
=SRC  \\$aSRI01$bbibmp25.200404.2.aa
=SRC  \\$aDSS01$bbibmp10.200404.2.aa
=SRC  \\$aISN01$bbibmp22.200404.2.aa
=TCO  \\$aCLA$bCLA$c008
=TOC  \\$aETOC

