=LDR  04836cas a2201105 a 4500
=001  009545937
=003  Uk
=005  20221231191809.0
=007  ta
=008  800228d19782003enkqr\p\\\ab\i0\\\a0eng\d
=010  \\$asn 81003232
=019  c\$a2205770
=019  0\$as289817005
=022  0\$a0142-193X$y0142-139X
=035  \\$a(OCoLC)06032415 980218
=035  \\$a(StEdNL)2739970
=038  \\$aOCoLC
=040  \\$aTKN$beng$cTKN$dNLM$dNSD$dMUL$dNST$dRCS$dNLE$dUk
=042  \\$ansdp$aukblsr
=060  00$aZWC 705 T879
=082  04$a616.9363005$223
=210  0\$aTsetse trypanosomiasis inf. q.
=222  \0$aTsetse and trypanosomiasis information quarterly
=245  00$aTsetse and trypanosomiasis information quarterly.
=260  \\$aLondon :$bCentre for Overseas Pest Research,$c1978-2003.
=300  \\$av. ;$c21 cm.
=310  \\$aQuarterly
=336  \\$atext$2rdacontent
=337  \\$aunmediated$2rdamedia
=338  \\$avolume$2rdacarrier
=362  0\$aVol. 1 (1978)-v. 26 (2003).
=540  \\$aCurrent Copyright Fee: GBP25.00$c0$5Uk
=550  \\$aEdited and prepared for printing by the Centre for Overseas Pest Research, <-1989; 1990-1995 prepared for publication by Natural Resources Institute; 1996-> published by the Food and Agriculutre Organisation of the United Nations.
=650  \0$aTsetse-flies$vAbstracts$vPeriodicals.
=650  \0$aTsetse-flies$xControl$vAbstracts$vPeriodicals.
=650  \0$aTrypanosomiasis$vAbstracts$vPeriodicals.
=650  \0$aTrypanosomiasis$xPrevention$vAbstracts$vPeriodicals.
=710  2\$aCentre for Overseas Pest Research (Great Britain)
=710  2\$aNatural Resources Institute (Great Britain)
=710  2\$aFood and Agriculture Organization of the United Nations.
=785  00$tTsetse and trypanosomiasis information$x1812-2442
=852  41$aBritish Library$bSTI$j(A) GV 90(T5) -E(2)$31978- ; Vol.1- ; Deficient: vol.12, no.3 1989; vol.19, no.1, vol.19, no.2, vol.19, no.3 (1996); vol.22, no.3 (1999)
=945  \\$aTSETSE AND TRYPANOSOMIASIS INFORMATION QUARTERLY.
=963  \\$aVOL. 1, 1978- *A=1$bY$cOP.3100.157.04
=979  \\$aBritish Library$bDSC$j9067.535000N
=985  \\$aResponsibility for ISSN taken over by IC as published by International Body.
=A02  \\$a2205770
=ACF  \\$aPrevious copyright fee: GBP5.00$c0$e01-jul-2002$fGBP5.00$g0$hC$5Uk
=ACF  \\$aCurrent copyright fee: GBP4.40$c0$e01-jul-1998$fGBP4.40$g0$hA$5Uk
=ACF  \\$aCurrent copyright fee: GBP4.20$c0$e01-apr-1997$fGBP4.20$g0$hA$5Uk
=ACF  \\$aPrevious copyright fee: GBP10.50$c0$e01-jan-2011$fGBP10.50$g0$hA$5Uk
=ACF  \\$aPrevious copyright fee: GBP12.00$c0$e01-jan-2012$fGBP12.00$g0$hA$5Uk
=ACF  \\$aPrevious Copyright Fee: GBP12.30$c0$e01-jan-2014$fGBP12.30$g0$hA$5Uk
=ACF  \\$aPrevious Copyright Fee: GBP15.00$c0$e01-jan-2017$fGBP15.00$g0$hA$5Uk
=ACF  \\$aPrevious Copyright Fee: GBP17.50$c0$e01-jan-2018$fGBP17.50$g0$hA$5Uk
=ACF  \\$aPrevious Copyright Fee: GBP20.00$c0$e01-jan-2020$fGBP20.00$g0$hA$5Uk
=CAT  \\$aCONV$b00$c20040425$lBLL90$h0848
=CAT  \\$aBATCH$b00$c20091216$lBLL01$h0128
=CAT  \\$aBATCH-UPD$b00$c20101201$lBLL01$h1224
=CAT  \\$aIPL-CLA$c20101231$lBLL01$h1305
=CAT  \\$aWR11_203$c20111204$lBLL01$h1342
=CAT  \\$aIPL-CLA$c20111230$lBLL01$h1806
=CAT  \\$aBATCH-UPD$b00$c20120819$lBLL01$h2121
=CAT  \\$aBATCH-CLA$b00$c20121104$lBLL01$h1004
=CAT  \\$aWR13.005$c20130323$lBLL01$h1236
=CAT  \\$a10973$b40$c20130718$lBLL01$h1346
=CAT  \\$aBATCH-CLA$c20131217$lBLL01$h1824
=CAT  \\$aIPL-CLA$c20131231$lBLL01$h2018
=CAT  \\$a11205$b40$c20140121$lBLL01$h1355
=CAT  \\$a11205$b40$c20140121$lBLL01$h1406
=CAT  \\$a11205$b40$c20140121$lBLL01$h1636
=CAT  \\$aBATCH-CLA$b00$c20161222$lBLL01$h1720
=CAT  \\$aIPL-CLA$c20161230$lBLL01$h1908
=CAT  \\$aBATCH-CLA$b00$c20171222$lBLL01$h2020
=CAT  \\$aIPL-CLA$c20171231$lBLL01$h1441
=CAT  \\$aBATCH-CLA$b00$c20191219$lBLL01$h1645
=CAT  \\$aIPL-CLA$c20191231$lBLL01$h1801
=CAT  \\$aR2001-1524$c20200127$lBLL01$h1936
=CAT  \\$aBATCH-CLA$b00$c20201204$lBLL01$h1442
=CAT  \\$aIPL-CLA$c20201231$lBLL01$h2004
=CAT  \\$aBATCH-CLA$b00$c20221221$lBLL01$h1748
=CAT  \\$aIPL-CLA$c20221231$lBLL01$h1918
=CFI  0\$aCurrent Copyright Fee: GBP25.00$c0$e01-jan-2023$fGBP25.00$g0$hA$5Uk
=CFI  2\$aPrevious Copyright Fee: GBP22.50$c0$e01-jan-2021$fGBP22.50$g0$hA$5Uk
=FIN  \\$aY
=FMT  \\$a  SE
=LAS  \\$aIPL-CLA$b00$c20221231$lBLL01$h1918
=LEO  \\$aMP25.0000128210
=LEO  \\$aMP10.0000587426
=LEO  \\$aMP22.0000005329
=SID  \\$aZ39$bRLUK
=SRC  \\$aSRI01$bbibmp25.200404.2.aa
=SRC  \\$aDSS01$bbibmp10.200404.2.aa
=SRC  \\$aISN01$bbibmp22.200404.2.aa
=TCO  \\$aCLA$bCLA$c008

