=LDR  04216cas a2201093 i 4500
=001  009546181
=003  Uk
=005  20230511162643.0
=006  aah\\|||||||||||||
=007  ta
=008  790816d19792003ne\tr\p\\\\\\\0\\\a0eng\\
=015  \\$aGB9345933$2bnb
=019  c\$a2083579
=019  y\$ab9345933
=019  9\$ab9345933
=019  1\$ab9345933
=022  0\$a0142-5471
=039  0\$a2257
=040  \\$aUk$cUk$dUk
=082  04$a686.2252$220
=210  0\$aInf. des. j.
=222  \0$aInformation design journal
=245  00$aInformation design journal.
=246  13$aIDJ. Information design journal
=260  \\$aMilton Keynes (P.O.Box 185, Milton Keynes, MK7 6BL) :$bInformation Design Journal,$c1979-2003
=260  3\$32000-$aAmsterdam :$bJohn Benjamins
=300  \\$a11 v. :$bill., facsims. ;$c21cm.
=310  \\$aThrice-annual
=336  \\$atext$2rdacontent
=337  \\$aunmediated$2rdamedia
=338  \\$avolume$2rdacarrier
=362  0\$a[Vol.1/1 (1979)]- vl. 11, no. 1 (2002/2003)
=500  \\$aDescription based on: Vol.6/1 (1990)
=540  \\$aCurrent Copyright Fee: GBP20.00$c78\0$5Uk
=595  \\$aSee also Serial Records SCE.
=653  1\$aGraphic design
=710  2\$aOpen University.
=785  00$tInformation design journal + document design$x1871-1138
=852  41$aBritish Library$bDSC$j4493.537000$3Vol. 1, no. 1 (1979)-v. 11, no. 1 (2002)***UKRR Retained Title
=852  41$aBritish Library$bHMNTS$jZK.9.a.2748$3Holdings: vol. 6 no. 1 (1990)-
=856  \\$31850-9999$uhttp://benjamins.com$xBLDSS
=945  \\$aInformation design journal
=959  \\$fHeld but not currently received
=963  \\$aVol. 1 (1979)-$bN$cL404.C.96
=985  \\$aRecord merged by DQ team
=985  \\$aISSN responsibility held by Netherlands
=ACF  \\$aPrevious Copyright Fee: GBP15.00$c0$e01-jan-2017$fGBP15.00$g0$hA$5Uk
=ACF  \\$aPrevious copyright fee: GBP5.00$c0$e01-jul-2002$fGBP5.00$g0$hC$5Uk
=ACF  \\$aCurrent copyright fee: GBP2.50$c0$e01-jul-1998$fGBP2.50$g0$hC$5Uk
=ACF  \\$aCurrent copyright fee: GBP2.30$c0$e01-apr-1997$fGBP2.30$g0$hC$5Uk
=ACF  \\$aPrevious copyright fee: GBP10.50$c0$e01-jan-2011$fGBP10.50$g0$hA$5Uk
=ACF  \\$aPrevious copyright fee: GBP12.00$c0$e01-jan-2012$fGBP12.00$g0$hA$5Uk
=ACF  \\$aPrevious Copyright Fee: GBP12.30$c0$e01-jan-2014$fGBP12.30$g0$hA$5Uk
=CAT  \\$aCONV$b00$c20040425$lBLL90$h0848
=CAT  \\$aCONV$b00$c20040502$lBLL01$h1329
=CAT  \\$c20041009$lBLL01$h1939
=CAT  \\$a8180$b40$c20050705$lBLL01$h0825
=CAT  \\$a8201$b40$c20060306$lBLL01$h1144
=CAT  \\$aglobal_upd$b40$c20060417$lBLL01$h1712
=CAT  \\$aISSN$b40$c20070111$lBLL01$h1523
=CAT  \\$aBATCH-UPD$b40$c20101201$lBLL01$h1224
=CAT  \\$aIPL-CLA$c20101231$lBLL01$h1305
=CAT  \\$aWR11_203$c20111204$lBLL01$h1342
=CAT  \\$aIPL-CLA$c20111230$lBLL01$h1806
=CAT  \\$aBATCH-CLA$b00$c20121104$lBLL01$h1004
=CAT  \\$aBATCH-CLA$c20131217$lBLL01$h1824
=CAT  \\$aIPL-CLA$c20131231$lBLL01$h2018
=CAT  \\$aWR14_140$c20140905$lBLL01$h1734
=CAT  \\$aBATCH-CLA$b00$c20161222$lBLL01$h1720
=CAT  \\$aIPL-CLA$c20161230$lBLL01$h1908
=CAT  \\$aBATCH-CLA$b00$c20171222$lBLL01$h2020
=CAT  \\$aIPL-CLA$c20171231$lBLL01$h1441
=CAT  \\$a12654$b40$c20190430$lBLL01$h1157
=CAT  \\$aBATCH-UPD$b40$c20190430$lBLL01$h2335
=CAT  \\$aBLDSS-3PM$b00$c20190508$lBLL01$h1027
=CAT  \\$aBATCH-UPD$b00$c20190508$lBLL01$h1027
=CAT  \\$aBATCH-FIX$c20230511$lBLL01$h1626
=CFI  0\$aCurrent Copyright Fee: GBP20.00$c78\0$e30-apr-2019$fGBP20.00$g0$hP$5Uk
=CFI  2\$aPrevious Copyright Fee: GBP17.50$c0$e01-jan-2018$fGBP17.50$g0$hA$5Uk
=FFP  \\$aY$bBLDSS-3PM
=FIN  \\$aY
=FMT  \\$a  SE
=LAS  \\$aBATCH-FIX$b00$c20230511$lBLL01$h1626
=LEO  \\$aMP5.0000811400
=LEO  \\$aMP13.0000321860
=LEO  \\$aMP10.0000284867
=LEO  \\$aMP22.0000005675
=SRC  \\$aBNB03$bbibmp5.200404.2.ab
=SRC  \\$aHSS01$bbibmp13.200404.2.aa
=SRC  \\$aDSS01$bbibmp10.200404.2.aa
=SRC  \\$aISN01$bbibmp22.200404.2.aa
=TCO  \\$aNLD$bSTICHTING REPRORECHT$c008
=TOC  \\$aETOC
=UNO  \\$aY

