=LDR  04383cas a2201105 a 4500
=001  009733479
=003  Uk
=005  20211231153745.0
=007  ta
=008  970909d19932007enkqr\p\\\\\\\0\\\a0eng\\
=015  \\$aGB9750638$2bnb
=019  y\$ab9750638
=019  9\$ab9750638
=019  c\$a2466950
=019  0\$as674681002
=022  0\$a0965-2302
=039  0\$a2451
=040  \\$aUk$cUk$dUk
=082  04$a610.736105$221
=084  \\$aHB 58$2blsrissc
=210  0\$aAccid. emerg. nurs.
=222  \0$aAccident and emergency nursing
=245  00$aAccident and emergency nursing.
=260  \\$aNew York ;$aEdinburgh :$bChurchill Livingstone,$c1993-
=260  3\$3-2007$aOxford :$bElsevier
=300  \\$a15 v. :$bill., forms, plans ;$c28-30 cm.
=310  \\$aQuarterly
=336  \\$atext$2rdacontent
=337  \\$aunmediated$2rdamedia
=338  \\$avolume$2rdacarrier
=362  0\$aVol. 1, no. 1 (Jan. 1997)-v. 15, no. 4 (Oct. 2007).
=500  \\$aDescription based on: Vol. 5, no. 1 (Jan. 1997).
=540  \\$aCurrent copyright fee: GBP34.30$c5\1$5Uk
=650  \0$aEmergency nursing$xPeriodicals.
=776  08$iAlso issued online as:$tAccident and emergency nursing$x1532-9267
=785  00$tInternational emergency nursing$x1755-599X
=852  41$aBritish Library$bDSC$j0573.137000$3Vol. 1, no. 1 (1993)-v. 15, no. 4 (2007)***UKRR Retained Title
=852  71$aBritish Library$bSTI$k(P)$hHB 58$m-E(7)$2blsrissc$3Vol. 1 (1997)-Vol. 15 (2007)
=856  \\$31850-9999$uhttp://www.elsevier.com/journals$xBLDSS
=945  \\$aAccident and emergency nursing
=959  \\$fHeld but not currently received
=963  \\$aCA/M-7 Vol. 5, no. 2 (1997)-$bN
=985  \\$aISSN responsibility held by ISSN Netherlands - 19/8/2014.
=A02  \\$a2466950
=ACF  \\$aPrevious copyright fee: GBP19.00$c5\9$e01-jan-2008$fGBP19.00$g0$hP$5Uk
=ACF  \\$aPrevious copyright fee: GBP18.00$c5\9$e01-apr-2004$fGBP18.00$g0$hP$5Uk
=ACF  \\$aCurrent copyright fee: GBP20.00$c5\9$e01-jan-2003$fGBP20.00$g0$hP$5Uk
=ACF  \\$aCurrent copyright fee: GBP22.58$c0$e01-oct-2002$fGBP22.58$g0$hC$5Uk
=ACF  \\$aPrevious copyright fee: GBP20.00$c5\1$e01-jan-2009$fGBP20.00$g0$hP$5Uk
=ACF  \\$aPrevious copyright fee: GBP21.00$c5\1$e01-jan-2012$fGBP21.00$g0$hP$5Uk
=ACF  \\$aPrevious copyright fee: GBP22.50$c5\1$e01-jan-2013$fGBP22.50$g0$hP$5Uk
=ACF  \\$aPrevious copyright fee: GBP23.40$c5\1$e01-jan-2018$fGBP23.40$g0$hP$5Uk
=CAT  \\$aWR09-126
=CAT  \\$aBATCH-UPD$b00$c20090904$lBLL01$h1716
=CAT  \\$aBATCH$b00$c20091122$lBLL01$h1220
=CAT  \\$aBATCH$b00$c20091209$lBLL01$h2246
=CAT  \\$aBATCH$b00$c20091214$lBLL01$h0533
=CAT  \\$aBATCH$b00$c20091216$lBLL01$h0129
=CAT  \\$aWR11_155$c20111021$lBLL01$h1330
=CAT  \\$aWR11_155$c20111114$lBLL01$h1647
=CAT  \\$aBATCH-UPD$b00$c20111123$lBLL01$h1850
=CAT  \\$aIPL-CLA$c20111230$lBLL01$h1807
=CAT  \\$a8874$b40$c20120918$lBLL01$h1445
=CAT  \\$aBATCH-CLA$b00$c20121104$lBLL01$h1002
=CAT  \\$aBATCH-UPD$b00$c20121121$lBLL01$h1653
=CAT  \\$aIPL-CLA$c20121231$lBLL01$h1252
=CAT  \\$aIPL-CLA$c20130102$lBLL01$h1657
=CAT  \\$a11316$b40$c20140819$lBLL01$h1426
=CAT  \\$aWR14_140$c20140905$lBLL01$h1734
=CAT  \\$aBLDSS-3PM$b00$c20141222$lBLL01$h1710
=CAT  \\$aBATCH-UPD$b00$c20160413$lBLL01$h1806
=CAT  \\$aBATCH-UPD$b00$c20170304$lBLL01$h1047
=CAT  \\$aBATCH-UPD$b00$c20171121$lBLL01$h1739
=CAT  \\$aIPL-CLA$c20171231$lBLL01$h1443
=CAT  \\$aBATCH-UPD$b00$c20190521$lBLL01$h1431
=CAT  \\$aIPL-CLA$c20190630$lBLL01$h1527
=CAT  \\$aBATCH-UPD$b00$c20211119$lBLL01$h1550
=CAT  \\$aIPL-CLA$c20211231$lBLL01$h1537
=CFI  0\$aCurrent copyright fee: GBP34.30$c5\1$e01-jan-2022$fGBP34.30$g0$hP$5Uk
=CFI  2\$aPrevious copyright fee: GBP32.84$c5\1$e01-jul-2019$fGBP32.84$g0$hP$5Uk
=EST  \\$a2
=FFP  \\$aY$bBLDSS-3PM
=FIN  \\$aY
=FMT  \\$a  SE
=LAS  \\$aIPL-CLA$b00$c20211231$lBLL01$h1537
=LEO  \\$aMP5.0000842789
=LEO  \\$aMP10.0000028103
=LEO  \\$aMP22.0000037098
=LEO  \\$aMP25.0000354184
=SRC  \\$aBNB03$bbibmp5.200404.2.ab
=SRC  \\$aDSS01$bbibmp10.200404.2.aa
=SRC  \\$aISN01$bbibmp22.200404.2.aa
=SRC  \\$aSRI01$bbibmp25.200404.2.aa
=TCO  \\$aCLA$bCLA$c008
=TOC  \\$aETOC

