=LDR  07205cas a2201501 a 4500
=001  009828776
=003  Uk
=005  20221231143734.0
=007  ta
=008  771001c19379999enktr\p\\\\\\\0\\\a0eng\\
=019  x\$a1991400195
=019  c\$a2017034
=022  \\$a0002-6980
=030  \\$aAMBXAO
=040  \\$aUk$cUk$dUk
=082  04$a540.1$222
=210  0\$aAmbix
=222  \0$aAmbix
=245  00$aAmbix.
=260  \\$aLondon :$bTaylor and Francis,$c1937-
=260  2\$aCambridge :$bW. Heffer & Sons
=260  2\$32004-$aLeeds :$bManey
=264  31$a[Abingdon] :$bTaylor & Francis
=300  \\$av. :$bill. ;$c24 cm.
=310  \\$a3 times a year,$b1959-
=321  \\$aIrregular,$b1937-1958
=336  \\$atext$2rdacontent
=337  \\$aunmediated$2rdamedia
=338  \\$avolume$2rdacarrier
=515  \\$aPublication suspended Dec. 1938-Sept. 1945.
=530  \\$aAlso issued online.
=540  \\$aCurrent copyright fee: GBP43.00$c2\0$5Uk
=550  \\$aIssued by the Society under its later name: Society for the History of Alchemy and Chemistry, 1975-
=588  \\$aLatest issue consulted: volume 63, number 3 (August 2016).
=595  \\$aSEE ALSO SERIAL RECORDS KCC MAN AND KCS SE.
=650  \0$aAlchemy$xHistory$vPeriodicals.
=650  \0$aChemical industry$xHistory$vPeriodicals.
=650  \0$aChemistry$xHistory$vPeriodicals.
=650  \7$aChemistry$2fast$0(OCoLC)fst00853344
=655  \7$aPeriodicals$2fast$0(OCoLC)fst01411641
=710  2\$aSociety for the Study of Alchemy and Early Chemistry.
=710  2\$aSociety for the History of Alchemy and Chemistry.
=776  1\$tAmbix (Online)$x1745-8234
=852  41$aBritish Library$bDSC$j0809.000000$3Vol. 1, no. 1 (1937)-v. 58, no. 3 (2011)***UKRR Retained Title
=852  41$aBritish Library$bHMNTS$jAc.3926.g.$3Vol. 1 (1937)-v. 60, no. 4 (2013)***title now taken as electronic copy only
=856  \\$31850-9999$uhttp://maneypublishing.com/$xBLDSS
=883  0\$aFAST headings derived from: A topical index to pressmarks in use in the British Museum Library ... / Robin Alston. (London : R.C. Alston, 1987)$d20201111$qUk
=945  \\$aAMBIX -LONDON-
=959  \\$fHeld but not currently received
=963  \\$aVOL. 1, 1937- *A=1$bY$cP360.C.96
=964  \\$aVOL. 1, 1937- *A=1$c93$dQ$eTL8464
=985  \\$aCorrected by MS generated file for WR# 12.018
=985  \\$aISSN responsibility transfer to US Center pending (SB 27.11.2020)
=985  \\$aRecord merged by SUNCAT team
=985  \\$aUpgraded by BSS-generated file for WR2012-0338
=ACF  \\$aPrevious Copyright Fee: GBP18.00$c0$e01-Jan-2010$fGBP18.00$g0$hC$5Uk
=ACF  \\$aPrevious Copyright Fee: GBP18.00$c0$e01-oct-2009$fGBP18.00$g0$hC$5Uk
=ACF  \\$aPrevious Copyright Fee: GBP18.00$c0$e01-jul-2009$fGBP18.00$g0$hC$5Uk
=ACF  \\$aPrevious Copyright Fee: GBP18.00$c0$e01-apr-2009$fGBP18.00$g0$hC$5Uk
=ACF  \\$aPrevious Copyright Fee: GBP18.00$c0$e01-jan-2009$fGBP18.00$g0$hC$5Uk
=ACF  \\$aBritish Library not licensed to copy$c0$e01-oct-2008$hC$iCLA Excluded$5Uk
=ACF  \\$aPrevious Copyright Fee: GBP18.00$c0$e01-jul-2008$fGBP18.00$g0$hC$5Uk
=ACF  \\$aPrevious Copyright Fee: GBP18.00$c0$e01-apr-2008$fGBP18.00$g0$hC$5Uk
=ACF  \\$aPrevious Copyright Fee: GBP18.00$c0$e01-jan-2008$fGBP18.00$g0$hC$5Uk
=ACF  \\$aPrevious Copyright Fee: GBP18.00$c0$e01-oct-2007$fGBP18.00$g0$hC$5Uk
=ACF  \\$aPrevious Copyright Fee: GBP18.00$c0$e01-jul-2007$fGBP18.00$g0$hC$5Uk
=ACF  \\$aPrevious Copyright Fee: GBP18.00$c0$e01-apr-2007$fGBP18.00$g0$hC$5Uk
=ACF  \\$aPrevious Copyright Fee: GBP18.00$c0$e01-jan-2007$fGBP18.00$g0$hC$5Uk
=ACF  \\$aPrevious Copyright Fee: GBP18.00$c0$e01-oct-2006$fGBP18.00$g0$hC$5Uk
=ACF  \\$aPrevious Copyright Fee: GBP18.00$c0$e01-jul-2006$fGBP18.00$g0$hC$5Uk
=ACF  \\$aPrevious Copyright Fee: GBP15.00$c0$e01-apr-2006$fGBP15.00$g0$hC$5Uk
=ACF  \\$aPrevious Copyright Fee: GBP9.00$c0$e01-jan-2006$fGBP9.00$g0$hC$5Uk
=ACF  \\$aPrevious Copyright Fee: GBP9.00$c0$e01-oct-2005$fGBP9.00$g0$hC$5Uk
=ACF  \\$aPrevious Copyright Fee: GBP9.00$c0$e01-jul-2005$fGBP9.00$g0$hC$5Uk
=ACF  \\$aPrevious Copyright Fee: GBP9.00$c0$e01-apr-2005$fGBP9.00$g0$hC$5Uk
=ACF  \\$aPrevious Copyright Fee: GBP9.00$c0$e01-jan-2005$fGBP9.00$g0$hC$5Uk
=ACF  \\$aPrevious Copyright Fee: GBP9.00$c0$e01-oct-2004$fGBP9.00$g0$hC$5Uk
=ACF  \\$aPrevious copyright fee: GBP5.00$c0$e01-apr-2004$fGBP5.00$g0$hC$5Uk
=ACF  \\$aCurrent copyright fee: GBP11.18$c0$e01-jan-2004$fGBP11.18$g0$hC$5Uk
=ACF  \\$aCurrent copyright fee: GBP11.88$c0$e01-jan-2003$fGBP11.88$g0$hC$5Uk
=ACF  \\$aPrevious Copyright Fee: GBP18.00$c47\0$e01-apr-2010$fGBP18.00$g0$hP$5Uk
=ACF  \\$aPrevious copyright fee: GBP25.00$c47\0$e01-jul-2012$fGBP25.00$g0$hP$5Uk
=ACF  \\$aPrevious copyright fee: GBP26.00$c47\0$e01-jan-2016$fGBP26.00$g0$hP$5Uk
=ACF  \\$aPrevious copyright fee: GBP31.00$c2\0$e01-apr-2016$fGBP31.00$g0$hP$5Uk
=ACF  \\$aPrevious copyright fee: GBP33.00$c2\0$e01-jan-2017$fGBP33.00$g0$hP$5Uk
=ACF  \\$aPrevious copyright fee: GBP35.00$c2\0$e01-jan-2018$fGBP35.00$g0$hP$5Uk
=ACF  \\$aPrevious copyright fee: GBP37.00$c2\0$e01-jan-2019$fGBP37.00$g0$hP$5Uk
=ACF  \\$aPrevious copyright fee: GBP39.00$c2\0$e01-jan-2020$fGBP39.00$g0$hP$5Uk
=CAT  \\$aCONV$b00$c20040425$lBLL90$h0658
=CAT  \\$a8323$b40$c20121114$lBLL01$h0936
=CAT  \\$aWR13.005$c20130323$lBLL01$h1340
=CAT  \\$aBLDSS-3PM$b00$c20141208$lBLL01$h1623
=CAT  \\$aBATCH-UPD$b00$c20151119$lBLL01$h1602
=CAT  \\$aIPL-CLA$c20151231$lBLL01$h1911
=CAT  \\$a5552$b40$c20160229$lBLL01$h1403
=CAT  \\$aIPL-CLA$c20160331$lBLL01$h1707
=CAT  \\$aBATCH-UPD$b00$c20161122$lBLL01$h1504
=CAT  \\$aBATCH-UPD$b00$c20161122$lBLL01$h1528
=CAT  \\$aIPL-CLA$c20161230$lBLL01$h1912
=CAT  \\$a5110$b40$c20170126$lBLL01$h0949
=CAT  \\$aBATCH-UPD$b40$c20171121$lBLL01$h1654
=CAT  \\$aIPL-CLA$c20171231$lBLL01$h1445
=CAT  \\$aBATCH-UPD$b00$c20181217$lBLL01$h1643
=CAT  \\$aIPL-CLA$c20181231$lBLL01$h1535
=CAT  \\$aBATCH-UPD$b00$c20191122$lBLL01$h1905
=CAT  \\$aIPL-CLA$c20191231$lBLL01$h1804
=CAT  \\$aBATCH-UPD$b00$c20201118$lBLL01$h1340
=CAT  \\$a7152$b40$c20201127$lBLL01$h1359
=CAT  \\$a10806$b40$c20201204$lBLL01$h1004
=CAT  \\$aW2012-0338$b00$c20201209$lBLL01$h2036
=CAT  \\$aIPL-CLA$c20201231$lBLL01$h1522
=CAT  \\$aW2012-0338$c20210128$lBLL01$h1607
=CAT  \\$aBATCH-UPD$b00$c20221121$lBLL01$h1338
=CAT  \\$aIPL-CLA$c20221231$lBLL01$h1437
=CFI  0\$aCurrent copyright fee: GBP43.00$c2\0$e01-jan-2023$fGBP43.00$g0$hP$5Uk
=CFI  2\$aPrevious copyright fee: GBP41.00$c2\0$e01-jan-2021$fGBP41.00$g0$hP$5Uk
=FFP  \\$aY$bBLDSS-3PM
=FIN  \\$aY
=FMT  \\$a  SE
=LAS  \\$aIPL-CLA$b00$c20221231$lBLL01$h1437
=LEO  \\$aMP1.0002379938
=LEO  \\$aMP22.0000000078
=LEO  \\$aMP10.0000043637
=SRC  \\$aBLS01$bbibmp1.200404.2.ac
=SRC  \\$aISN01$bbibmp22.200404.2.aa
=SRC  \\$aDSS01$bbibmp10.200404.2.aa
=TCO  \\$aCLA$bCLA$c008
=TOC  \\$aETOC

