=LDR  08856cas a2201705 a 4500
=001  009828929
=003  Uk
=005  20230209233259.0
=007  ta
=008  750726c19359999nyuqr\p\\\\\\\0\\\a0eng\\
=010  \\$a46036122
=019  c\$a2017085
=019  x\$a3348460182
=022  0\$a0002-7316
=030  \\$aAANTAM
=040  \\$aUk$cUk$dUk
=082  00$a913.7
=210  0\$aAm. antiq.
=222  \0$aAmerican antiquity
=245  00$aAmerican antiquity :$ba quarterly review of American archaeology.
=260  \\$aMenasha, Wis. :$bSociety for American Archaeology,$c1935-
=264  31$32017-$aNew York, NY :$bCambridge University Press
=300  \\$av. :$bill. ;$c25 cm.
=310  \\$aQuarterly
=336  \\$atext$2rdacontent
=337  \\$aunmediated$2rdamedia
=338  \\$avolume$2rdacarrier
=362  0\$aVol. 1, no. 1 (July 1935)-
=500  \\$aPublished: Washington, D.C., July 1970-
=540  \\$aCurrent Copyright Fee: GBP22.50$c0$5Uk
=550  \\$aOrgan of the Society for American Archaeology.
=555  \\$aVols. 1 (1935)-30 (1965). 1 v.
=580  \\$aVols. <39- > include: Memoirs of the Society for American Archaeology, also published separately.
=588  \\$aLatest issue consulted: volume 82, number 1 (January 2017).
=595  \\$aSEE ALSO SERIAL RECORDS ULASP.
=650  \0$aArchaeology$zNorth America$vPeriodicals.
=650  \0$aArchaeology$zAmerica$vPeriodicals.
=650  \0$aAnthropology$zAmerica$vPeriodicals.
=651  \0$aNorth America$xAntiquities$vPeriodicals.
=651  \0$aAmerica$xAntiquities$vPeriodicals.
=651  \0$aNorth America$xHistory$vPeriodicals.
=651  \0$aAmerica$xHistory$vPeriodicals.
=710  2\$aSociety for American Archaeology.
=776  08$iAlso issued online as:$tAmerican antiquity (Online)$x2325-5064
=785  01$tLatin American antiquity$x1045-6635
=787  1\$tMemoirs of the Society for American Archaeology$x0081-1300
=852  41$aBritish Library$bDSC$j0810.300000$3Vol. 1 (1935/36)-v. 86 (2021)***UKRR Retained Title***Stock Incomplete
=852  41$aBritish Library$bHMNTS$jAc.5797.[....]$3Vol. 1, no.1, 1935-v. 61, no. 4, 1996 ; (Wanting: v.6, no.3, no.4, 1940; v.60, no.3, no.4, 1995)***To apply for issues from 1997 onwards, use separate form and DSC shelfmark***Items received after 02/10/2019 shelved as monographs with individual shelfmarks
=852  41$aBritish Library$bHMNTS$3To apply for issues from 1997 onwards, use separate form and DSC shelfmark***Items received after 02/10/2019 shelved as monographs with individual shelfmarks
=945  \\$aAmerican antiquity
=959  \\$fHeld but not currently received
=963  \\$aVOL. 1, 1935- *A=1$bY$cP.660.B.16
=985  \\$aRecord merged by DQ Team
=985  \\$aISSN responsibility transfer in progress (Richard, 16/05/17)
=A02  \\$a2017085
=ACF  \\$aPrevious Copyright Fee: GBP0.84$c0$e01-apr-2012$fGBP0.84$g0$hC$5Uk
=ACF  \\$aPrevious Copyright Fee: GBP0.78$c0$e01-jan-2012$fGBP0.78$g0$hC$5Uk
=ACF  \\$aPrevious Copyright Fee: GBP0.78$c0$e01-oct-2011$fGBP0.78$g0$hC$5Uk
=ACF  \\$aPrevious Copyright Fee: GBP0.78$c0$e01-jul-2011$fGBP0.78$g0$hC$5Uk
=ACF  \\$aPrevious Copyright Fee: GBP0.78$c0$e01-apr-2011$fGBP0.78$g0$hC$5Uk
=ACF  \\$aPrevious Copyright Fee: GBP0.78$c0$e01-jan-2011$fGBP0.78$g0$hC$5Uk
=ACF  \\$aPrevious Copyright Fee: GBP0.78$c0$e01-oct-2010$fGBP0.78$g0$hC$5Uk
=ACF  \\$aPrevious Copyright Fee: GBP0.78$c0$e01-jul-2010$fGBP0.78$g0$hC$5Uk
=ACF  \\$aPrevious Copyright Fee: GBP0.78$c0$e01-apr-2010$fGBP0.78$g0$hC$5Uk
=ACF  \\$aPrevious Copyright Fee: GBP0.78$c0$e01-Jan-2010$fGBP0.78$g0$hC$5Uk
=ACF  \\$aPrevious Copyright Fee: GBP0.78$c0$e01-oct-2009$fGBP0.78$g0$hC$5Uk
=ACF  \\$aPrevious Copyright Fee: GBP0.93$c0$e01-jul-2009$fGBP0.93$g0$hC$5Uk
=ACF  \\$aPrevious Copyright Fee: GBP0.93$c0$e01-apr-2009$fGBP0.93$g0$hC$5Uk
=ACF  \\$aPrevious Copyright Fee: GBP0.81$c0$e01-jan-2009$fGBP0.81$g0$hC$5Uk
=ACF  \\$aPrevious Copyright Fee: GBP0.65$c0$e01-oct-2008$fGBP0.65$g0$hC$5Uk
=ACF  \\$aPrevious Copyright Fee: GBP0.65$c0$e01-jul-2008$fGBP0.65$g0$hC$5Uk
=ACF  \\$aPrevious Copyright Fee: GBP0.65$c0$e01-apr-2008$fGBP0.65$g0$hC$5Uk
=ACF  \\$aPrevious Copyright Fee: GBP0.65$c0$e01-jan-2008$fGBP0.65$g0$hC$5Uk
=ACF  \\$aPrevious Copyright Fee: GBP0.65$c0$e01-oct-2007$fGBP0.65$g0$hC$5Uk
=ACF  \\$aPrevious Copyright Fee: GBP0.65$c0$e01-jul-2007$fGBP0.65$g0$hC$5Uk
=ACF  \\$aPrevious Copyright Fee: GBP0.67$c0$e01-apr-2007$fGBP0.67$g0$hC$5Uk
=ACF  \\$aPrevious Copyright Fee: GBP0.70$c0$e01-jan-2007$fGBP0.70$g0$hC$5Uk
=ACF  \\$aPrevious Copyright Fee: GBP0.70$c0$e01-oct-2006$fGBP0.70$g0$hC$5Uk
=ACF  \\$aPrevious Copyright Fee: GBP0.74$c0$e01-jul-2006$fGBP0.74$g0$hC$5Uk
=ACF  \\$aPrevious Copyright Fee: GBP0.74$c0$e01-apr-2006$fGBP0.74$g0$hC$5Uk
=ACF  \\$aPrevious Copyright Fee: GBP0.72$c0$e01-jan-2006$fGBP0.72$g0$hC$5Uk
=ACF  \\$aPrevious Copyright Fee: GBP0.70$c0$e01-oct-2005$fGBP0.70$g0$hC$5Uk
=ACF  \\$aPrevious Copyright Fee: GBP0.70$c0$e01-jul-2005$fGBP0.70$g0$hC$5Uk
=ACF  \\$aPrevious Copyright Fee: GBP0.70$c0$e01-apr-2005$fGBP0.70$g0$hC$5Uk
=ACF  \\$aPrevious Copyright Fee: GBP0.72$c0$e01-jan-2005$fGBP0.72$g0$hC$5Uk
=ACF  \\$aPrevious Copyright Fee: GBP0.70$c0$e01-oct-2004$fGBP0.70$g0$hC$5Uk
=ACF  \\$aPrevious copyright fee: GBP0.70$c0$e01-apr-2004$fGBP0.70$g0$hC$5Uk
=ACF  \\$aCurrent copyright fee: GBP0.76$c0$e01-jan-2004$fGBP0.76$g0$hC$5Uk
=ACF  \\$aCurrent copyright fee: GBP0.81$c0$e01-jan-2003$fGBP0.81$g0$hC$5Uk
=ACF  \\$aPrevious Copyright Fee: GBP0.79$c0$e01-jul-2012$fGBP0.79$g0$hC$5Uk
=ACF  \\$aPrevious Copyright Fee: GBP0.84$c0$e01-oct-2012$fGBP0.84$g0$hC$5Uk
=ACF  \\$aPrevious Copyright Fee: GBP0.81$c0$e01-jan-2013$fGBP0.81$g0$hC$5Uk
=ACF  \\$aPrevious Copyright Fee: GBP0.84$c0$e01-jul-2013$fGBP0.84$g0$hC$5Uk
=ACF  \\$aPrevious Copyright Fee: GBP0.78$c0$e01-oct-2013$fGBP0.78$g0$hC$5Uk
=ACF  \\$aPrevious Copyright Fee: GBP0.81$c0$e01-jan-2014$fGBP0.81$g0$hC$5Uk
=ACF  \\$aPrevious Copyright Fee: GBP0.79$c0$e01-jul-2014$fGBP0.79$g0$hC$5Uk
=ACF  \\$aPrevious Copyright Fee: GBP0.61$c0$e01-jan-2015$fGBP0.61$g0$hC$5Uk
=ACF  \\$aPrevious Copyright Fee: GBP0.67$c0$e01-apr-2015$fGBP0.67$g0$hC$5Uk
=ACF  \\$aPrevious Copyright Fee: GBP0.65$c0$e01-oct-2015$fGBP0.65$g0$hC$5Uk
=ACF  \\$aPrevious Copyright Fee: GBP0.69$c0$e01-apr-2016$fGBP0.69$g0$hC$5Uk
=ACF  \\$aPrevious Copyright Fee: GBP0.74$c0$e01-oct-2016$fGBP0.74$g0$hC$5Uk
=ACF  \\$aPrevious copyright fee: GBP25.00$c43\0$e01-jan-2017$fGBP25.00$g0$hP$5Uk
=ACF  \\$aPrevious Copyright Fee: GBP17.50$c0$e01-apr-2019$fGBP17.50$g0$hA$5Uk
=ACF  \\$aPrevious Copyright Fee: GBP10.00$c0$e01-jul-2019$fGBP10.00$g0$hC$5Uk
=ACF  \\$aPrevious Copyright Fee: GBP22.50$c0$e01-apr-2021$fGBP22.50$g0$hC$5Uk
=CAT  \\$aCONV$b00$c20040425$lBLL90$h0658
=CAT  \\$aBATCH-CLA$b00$c20160229$lBLL01$h1616
=CAT  \\$aIPL-CLA$c20160331$lBLL01$h1707
=CAT  \\$aBATCH-CLA$b00$c20160831$lBLL01$h1643
=CAT  \\$aIPL-CLA$c20160930$lBLL01$h1549
=CAT  \\$a5552$b40$c20161128$lBLL01$h1133
=CAT  \\$aIPL-CLA$c20161230$lBLL01$h1912
=CAT  \\$aBLDSS-3PM$b00$c20170103$lBLL01$h1638
=CAT  \\$aBATCH-UPD$b00$c20170103$lBLL01$h1642
=CAT  \\$aBATCH-UPD$b00$c20170104$lBLL01$h0050
=CAT  \\$a8323$b40$c20170511$lBLL01$h0904
=CAT  \\$a8323$b40$c20170511$lBLL01$h0906
=CAT  \\$a10806$b40$c20170516$lBLL01$h1154
=CAT  \\$a10806$b40$c20170516$lBLL01$h1157
=CAT  \\$a10806$b40$c20170516$lBLL01$h1329
=CAT  \\$aW1902-1304$c20190314$lBLL01$h1238
=CAT  \\$aBATCH-UPD$b00$c20190314$lBLL01$h1617
=CAT  \\$aIPL-CLA$c20190331$lBLL01$h1722
=CAT  \\$aDEL-3PM$c20190409$lBLL01$h0904
=CAT  \\$aBATCH-CLA$b00$c20190531$lBLL01$h1623
=CAT  \\$aIPL-CLA$c20190630$lBLL01$h1527
=CAT  \\$aBATCH-CLA$b00$c20210227$lBLL01$h1013
=CAT  \\$aIPL-CLA$c20210331$lBLL01$h1656
=CAT  \\$a6558$b40$c20211207$lBLL01$h1315
=CAT  \\$aBATCH-CLA$b00$c20221130$lBLL01$h1448
=CAT  \\$aIPL-CLA$c20221231$lBLL01$h1437
=CAT  \\$aBATCH-CLA$b00$c20230209$lBLL01$h1534
=CAT  \\$aIPL-CLA$c20230209$lBLL01$h2332
=CFI  0\$aCurrent Copyright Fee: GBP22.50$c0$e09-feb-2023$fGBP22.50$g0$hC$5Uk
=CFI  2\$aBritish Library not licensed to copy$c0$e01-jan-2023$hC$iCFP Excluded$5Uk
=FIN  \\$aY
=FMT  \\$a  SE
=LAS  \\$aIPL-CLA$b00$c20230209$lBLL01$h2332
=LEO  \\$aMP10.0000043865
=LEO  \\$aMP1.0003993102
=SID  \\$aZ39$bLOC
=SRC  \\$aBLS01$bbibmp1.200404.2.ae
=SRC  \\$aDSS01$bbibmp10.200404.2.aa
=TCO  \\$aTRS$bCCC$c008
=TOC  \\$aETOC

