=LDR  05820cas a2201249 a 4500
=001  009832167
=003  Uk
=005  20211231153756.0
=007  ta
=008  040419c19589999ne\mr\p\\\\\\\0\\\a0eng\\
=019  c\$a2018639
=019  0\$as202340015
=019  x\$a1971380148
=022  0\$a0003-3472
=040  \\$aUk$cUk$dUk
=082  04$a591.5$221
=084  \\$aFE 00$2blsrissc
=210  0\$aAnim. behav.
=222  \0$aAnimal behaviour
=245  00$aAnimal behaviour.
=246  3\$aAnimal behavior
=260  \\$aLondon :$bBaillière, Tindall and Cox,$c1958-
=264  31$aAmsterdam :$bElsevier
=300  \\$av.$bill.$c25 cm.
=310  \\$aMonthly,$b1989-
=321  \\$aFrequency varies,$b1958-<Aug. 1988>
=321  \\$aBimonthly,$b<Aug. 1988->
=336  \\$atext$2rdacontent
=337  \\$aunmediated$2rdamedia
=338  \\$avolume$2rdacarrier
=362  0\$av. 6- Jan./Apr. 1958-
=510  2\$aChemical abstracts$x0009-2258
=540  \\$aCurrent copyright fee: GBP34.30$c5\1$5Uk
=550  \\$aVols. for 1958-<Feb. 1979> issued by the Association for the Study of Animal Behavior; 1958 with the Section of Animal Behavior and Sociobiology of the Ecological Society of America; 1959-64 with the Section of Animal Behavior and Sociobiology of the Ecological Society of America and the Division of Animal Behavior and Sociobiology of the American Society of Zoologists; and 1965- with the Animal Behavior Society.
=588  \\$aLatest issue consulted: volume 86, part 2 (August 2013).
=595  \\$aFORMERLY 2304.0 UP TO VOL. 5, 1957 SEE ALSO CARD INDEX.
=650  \0$aAnimal behavior$vPeriodicals.
=710  2\$aAssociation for the Study of Animal Behaviour.
=710  2\$aEcological Society of America.$bSection of Animal Behavior and Sociobiology.
=710  2\$aAmerican Society of Zoologists.$bDivision of Animal Behavior and Sociobiology.
=710  2\$aAnimal Behavior Society.
=776  0\$tAnimal behaviour (Online)$x1095-8282
=780  00$tBritish journal of animal behaviour$x0950-5601
=852  41$aBritish Library$bHMNTS$jAc.3585.c/2.$3Vol. 6, no. 1/2 (Jan./April 1958)-v. 15 (1967)
=852  41$aBritish Library$bDSC$j0902.950000$3Vol. 6, no. 1 (1958)-v. 78, no. 6 (2009)***UKRR Retained Title
=852  71$aBritish Library$bSTI$k(P)$hFE 00$m-E(1)$2blsrissc$3Vol.6 (1958)-v. 50 (1995)
=852  41$aBritish Library$bHMNTS$jDZK.9.x.647$3Vol. 51, no. 1 (Jan. 1996)-issue 101 (Mar. 2015)***Title now taken as electronic copy
=852  41$aBritish Library$bHMNTS$cSPHOA$kHUS$h050$3Vol. 26, no. 4 (1978); v. 27, no. 3/4 (1979); v. 28, no. 1 (1980); v. 28, no. 3 (1980); vol. 32 (1984)***[Another copy.]
=856  \\$31850-9999$uhttp://www.elsevier.com/journals$xBLDSS
=945  \\$aAnimal behaviour -London- Bailliere Tindall then Academic Press-.
=959  \\$fHeld but not currently received
=963  \\$aVOL. 6, 1958- *A=1$bY$cP382.B.113
=964  \\$aVOL. 6, 1958- [1982?] *A=1$c59$dO$eTG6184
=985  \\$aRecord enhanced by DQ team
=985  \\$aISSN responsibility held by United States ISSN Centre
=ACF  \\$aPrevious copyright fee: GBP19.00$c5\9$e01-jan-2008$fGBP19.00$g0$hP$5Uk
=ACF  \\$aPrevious copyright fee: GBP18.00$c5\9$e01-apr-2004$fGBP18.00$g0$hP$5Uk
=ACF  \\$aCurrent copyright fee: GBP20.00$c5\9$e01-jan-2003$fGBP20.00$g0$hP$5Uk
=ACF  \\$aCurrent copyright fee: GBP22.50$c0$e01-jul-2002$fGBP22.50$g0$hC$5Uk
=ACF  \\$aPrevious copyright fee: GBP20.00$c5\1$e01-jan-2009$fGBP20.00$g0$hP$5Uk
=ACF  \\$aPrevious copyright fee: GBP21.00$c5\1$e01-jan-2012$fGBP21.00$g0$hP$5Uk
=ACF  \\$aPrevious copyright fee: GBP22.50$c5\1$e01-jan-2013$fGBP22.50$g0$hP$5Uk
=ACF  \\$aPrevious copyright fee: GBP23.40$c5\1$e01-jan-2018$fGBP23.40$g0$hP$5Uk
=CAT  \\$aCONV$b00$c20040425$lBLL90$h0658
=CAT  \\$aBATCH-UPD$b40$c20081119$lBLL01$h1612
=CAT  \\$aBATCH-UPD$b40$c20081231$lBLL01$h2229
=CAT  \\$aBATCH-UPD$b40$c20090101$lBLL01$h0012
=CAT  \\$aBATCH$b00$c20090101$lBLL01$h0145
=CAT  \\$aCDS-UPD$b40$c20091208$lBLL01$h2210
=CAT  \\$aCDS-UPD$b40$c20091208$lBLL01$h2233
=CAT  \\$aWR11_155$c20111021$lBLL01$h1330
=CAT  \\$aWR11_155$c20111114$lBLL01$h1647
=CAT  \\$aBATCH-UPD$b00$c20111123$lBLL01$h1850
=CAT  \\$aIPL-CLA$c20111230$lBLL01$h1810
=CAT  \\$aBATCH-CLA$b00$c20121104$lBLL01$h1001
=CAT  \\$aBATCH-UPD$b00$c20121121$lBLL01$h1653
=CAT  \\$aIPL-CLA$c20121231$lBLL01$h1253
=CAT  \\$aIPL-CLA$c20130102$lBLL01$h1658
=CAT  \\$aWR13.005$c20130323$lBLL01$h1342
=CAT  \\$a10973$b40$c20130906$lBLL01$h1332
=CAT  \\$aBLDSS-3PM$b00$c20141222$lBLL01$h1710
=CAT  \\$aBATCH-UPD$b00$c20160413$lBLL01$h1807
=CAT  \\$aBATCH-UPD$b00$c20170304$lBLL01$h1048
=CAT  \\$aBATCH-UPD$b00$c20171121$lBLL01$h1739
=CAT  \\$aIPL-CLA$c20171231$lBLL01$h1445
=CAT  \\$aBATCH-UPD$b00$c20190521$lBLL01$h1432
=CAT  \\$aIPL-CLA$c20190630$lBLL01$h1527
=CAT  \\$aBATCH-UPD$b00$c20211119$lBLL01$h1550
=CAT  \\$aIPL-CLA$c20211231$lBLL01$h1537
=CFI  0\$aCurrent copyright fee: GBP34.30$c5\1$e01-jan-2022$fGBP34.30$g0$hP$5Uk
=CFI  2\$aPrevious copyright fee: GBP32.84$c5\1$e01-jul-2019$fGBP32.84$g0$hP$5Uk
=EST  \\$a2
=FFP  \\$aY$bBLDSS-3PM
=FIN  \\$aY
=FMT  \\$a  SE
=LAS  \\$aIPL-CLA$b00$c20211231$lBLL01$h1537
=LEO  \\$aMP1.0002355052.1
=LEO  \\$aMP22.0000000092
=LEO  \\$aMP25.0000074650
=LEO  \\$aMP10.0000048368
=LKR  \\$aPAR$b011109759$lBLL01$r78000$mAnimal behaviour$nBritish journal of animal behaviour
=SRC  \\$aBLS01$bbibmp1.200404.2.ac
=SRC  \\$aISN01$bbibmp22.200404.2.aa
=SRC  \\$aSRI01$bbibmp25.200404.2.aa
=SRC  \\$aDSS01$bbibmp10.200404.2.aa
=TCO  \\$aCLA$bCLA$c008
=TOC  \\$aETOC

