=LDR  06518cas a2201381 a 4500
=001  009833143
=003  Uk
=005  20230209233302.0
=007  ta
=008  040409c19469999fr\qr\p\\\\\\\0\\\b0fre\\
=019  c\$a2494817
=019  x\$a2541610173
=022  \\$a0395-2649
=040  \\$aUk$cUk$dUk
=082  04$a054.1$219
=130  0\$aAnnales (Paris, France)
=222  \0$aAnnales
=245  10$aAnnales :$béconomies, sociétés, civilisations.
=246  1\$iChange of subtitle:$aAnnales :$bhistoire, sciences sociales,$f1994-
=260  \\$aParis :$bA. Colin,$c1946-
=264  21$31998-2016$aParis :$bÉditions de l'EHESS
=264  31$32017-$aCambridge :$bCambridge University Press
=300  \\$av. ;$c25 cm.
=310  \\$aQuarterly,$b2011-
=321  \\$aBimonthly,$b1960-2010
=321  \\$aQuarterly,$b1946-1959
=336  \\$atext$2rdacontent
=337  \\$aunmediated$2rdamedia
=338  \\$avolume$2rdacarrier
=362  0\$a1ère année, no 1 (janv./mars 1946)-
=540  \\$aCurrent Copyright Fee: GBP22.50$c0$5Uk
=588  \\$aLatest issue consulted: 73e année, no. 3 (juillet-septembre 2018).
=595  \\$aFORMERLY 0971.85 UP TO VOL. 48, 1993.
=650  \0$aHistory$vPeriodicals.
=650  \0$aHistoriography$vPeriodicals.
=650  \0$aSocial history$vPeriodicals.
=650  \0$aSocial sciences$vPeriodicals.
=710  2\$aÉcole des hautes études en sciences sociales,$eeditor.
=775  08$iAlso issued in English:$tAnnales (Paris, France). English$x2398-5682
=776  08$iAlso issued online as:$tAnnales (Paris, France : Online)$x1953-8146
=780  00$tAnnales d'histoire sociale (1945)$x1243-258X
=852  41$aBritish Library$bDSC$j0979.770000$3Annee 49 (1994)-annee 71, no 4 (2016)***UKRR Retained Title
=852  41$aBritish Library$bHMNTS$jP.P.1423.zab.$31ère année, no 1 (janv.-mars 1946)-[2022]
=945  \\$aANNALES HISTOIRE SCIENCES SOCIALES
=959  \\$fHeld but not currently received
=963  \\$a49, 1994- *A=1$bY$cP220.C.57
=985  \\$aRecord merged by DQ team
=985  \\$aISSN responsibility retained by ISSN France - see ISSN UK email correspondence dated 12/11/19.
=A02  \\$a2494817
=ACF  \\$aPrevious Copyright Fee: GBP5.71$c0$e01-jul-2009$fGBP5.71$g0$hC$5Uk
=ACF  \\$aPrevious Copyright Fee: GBP5.71$c0$e01-apr-2009$fGBP5.71$g0$hC$5Uk
=ACF  \\$aPrevious Copyright Fee: GBP5.00$c0$e01-jan-2009$fGBP5.00$g0$hC$5Uk
=ACF  \\$aPrevious Copyright Fee: GBP4.00$c0$e01-oct-2008$fGBP4.00$g0$hC$5Uk
=ACF  \\$aPrevious Copyright Fee: GBP4.00$c0$e01-jul-2008$fGBP4.00$g0$hC$5Uk
=ACF  \\$aPrevious Copyright Fee: GBP4.00$c0$e01-apr-2008$fGBP4.00$g0$hC$5Uk
=ACF  \\$aPrevious Copyright Fee: GBP4.00$c0$e01-jan-2008$fGBP4.00$g0$hC$5Uk
=ACF  \\$aPrevious Copyright Fee: GBP4.00$c0$e01-oct-2007$fGBP4.00$g0$hC$5Uk
=ACF  \\$aPrevious Copyright Fee: GBP4.00$c0$e01-jul-2007$fGBP4.00$g0$hC$5Uk
=ACF  \\$aPrevious Copyright Fee: GBP4.10$c0$e01-apr-2007$fGBP4.10$g0$hC$5Uk
=ACF  \\$aPrevious Copyright Fee: GBP4.32$c0$e01-jan-2007$fGBP4.32$g0$hC$5Uk
=ACF  \\$aPrevious Copyright Fee: GBP4.32$c0$e01-oct-2006$fGBP4.32$g0$hC$5Uk
=ACF  \\$aPrevious Copyright Fee: GBP4.57$c0$e01-jul-2006$fGBP4.57$g0$hC$5Uk
=ACF  \\$aPrevious Copyright Fee: GBP4.57$c0$e01-apr-2006$fGBP4.57$g0$hC$5Uk
=ACF  \\$aPrevious Copyright Fee: GBP4.44$c0$e01-jan-2006$fGBP4.44$g0$hC$5Uk
=ACF  \\$aPrevious Copyright Fee: GBP4.32$c0$e01-oct-2005$fGBP4.32$g0$hC$5Uk
=ACF  \\$aPrevious Copyright Fee: GBP4.32$c0$e01-jul-2005$fGBP4.32$g0$hC$5Uk
=ACF  \\$aPrevious Copyright Fee: GBP4.32$c0$e01-apr-2005$fGBP4.32$g0$hC$5Uk
=ACF  \\$aPrevious Copyright Fee: GBP4.44$c0$e01-jan-2005$fGBP4.44$g0$hC$5Uk
=ACF  \\$aPrevious Copyright Fee: GBP4.32$c0$e01-oct-2004$fGBP4.32$g0$hC$5Uk
=ACF  \\$aPrevious copyright fee: GBP4.32$c0$e01-apr-2004$fGBP4.32$g0$hC$5Uk
=ACF  \\$aCurrent copyright fee: GBP1.18$c0$e01-jan-2004$fGBP1.18$g0$hC$5Uk
=ACF  \\$aCurrent copyright fee: GBP1.25$c0$e01-jan-2003$fGBP1.25$g0$hC$5Uk
=ACF  \\$aPrevious copyright fee: GBP10.50$c0$e01-jan-2011$fGBP10.50$g0$hA$5Uk
=ACF  \\$aPrevious copyright fee: GBP12.00$c0$e01-jan-2012$fGBP12.00$g0$hA$5Uk
=ACF  \\$aPrevious Copyright Fee: GBP12.30$c0$e01-jan-2014$fGBP12.30$g0$hA$5Uk
=ACF  \\$aPrevious Copyright Fee: GBP15.00$c0$e01-jan-2017$fGBP15.00$g0$hA$5Uk
=ACF  \\$aPrevious Copyright Fee: GBP10.00$c0$e01-jul-2017$fGBP10.00$g0$hC$5Uk
=ACF  \\$aPrevious Copyright Fee: GBP22.50$c0$e01-apr-2021$fGBP22.50$g0$hC$5Uk
=CAT  \\$aCONV$b00$c20040425$lBLL90$h0658
=CAT  \\$aBATCH-UPD$b00$c20120614$lBLL01$h2134
=CAT  \\$aBATCH-CLA$b00$c20121104$lBLL01$h1000
=CAT  \\$aWR13.005$c20130323$lBLL01$h1342
=CAT  \\$aBATCH-CLA$c20131217$lBLL01$h1829
=CAT  \\$aIPL-CLA$c20131231$lBLL01$h2027
=CAT  \\$aBATCH-CLA$b00$c20161222$lBLL01$h1722
=CAT  \\$aIPL-CLA$c20161230$lBLL01$h1913
=CAT  \\$aBATCH-CLA$b00$c20170531$lBLL01$h1659
=CAT  \\$a8323$b40$c20170614$lBLL01$h1606
=CAT  \\$a8323$b40$c20170615$lBLL01$h1126
=CAT  \\$a8323$b40$c20170615$lBLL01$h1129
=CAT  \\$aIPL-CLA$c20170630$lBLL01$h1601
=CAT  \\$a8323$b40$c20170922$lBLL01$h0848
=CAT  \\$a11313$b40$c20170925$lBLL01$h1357
=CAT  \\$a11313$b40$c20171003$lBLL01$h0738
=CAT  \\$a11313$b40$c20190909$lBLL01$h1300
=CAT  \\$a11313$b40$c20190909$lBLL01$h1317
=CAT  \\$a8483$b40$c20191025$lBLL01$h1152
=CAT  \\$a8483$b40$c20191025$lBLL01$h1153
=CAT  \\$a8483$b40$c20191025$lBLL01$h1212
=CAT  \\$a10806$b40$c20191120$lBLL01$h0907
=CAT  \\$aBATCH-CLA$b00$c20210227$lBLL01$h1011
=CAT  \\$aIPL-CLA$c20210331$lBLL01$h1656
=CAT  \\$aBATCH-CLA$b00$c20221130$lBLL01$h1441
=CAT  \\$aIPL-CLA$c20221231$lBLL01$h1437
=CAT  \\$aBATCH-CLA$b00$c20230209$lBLL01$h1528
=CAT  \\$aIPL-CLA$c20230209$lBLL01$h2333
=CFI  0\$aCurrent Copyright Fee: GBP22.50$c0$e09-feb-2023$fGBP22.50$g0$hC$5Uk
=CFI  2\$aBritish Library not licensed to copy$c0$e01-jan-2023$hC$iCFP Excluded$5Uk
=FIN  \\$aY
=FMT  \\$a  SE
=LAS  \\$aIPL-CLA$b00$c20230209$lBLL01$h2333
=LEO  \\$aMP10.0000049673
=LEO  \\$aMP1.0003047015.3
=LKR  \\$aPAR$b009833144$lBLL01$r78000$mAnnales$nAnnales d'histoire sociale
=SRC  \\$aBLS01$bbibmp1.200404.2.ad
=SRC  \\$aDSS01$bbibmp10.200404.2.aa
=TCO  \\$aFRA$bCFC$c008
=TOC  \\$aETOC

