=LDR  06516cas a2201345 a 4500
=001  009833814
=003  Uk
=005  20211231153758.0
=007  ta
=008  850305c18779999enkex\p\\\\\\\0\\\a0eng\\
=019  0\$as075706008
=019  c\$a2019660
=019  x\$a2351270223
=022  0\$a0077-8923
=040  \\$aUk$cUk$dUk
=082  04$a505$221
=084  \\$aBX 80$2blsrissc
=210  0\$aAnn. N.Y. Acad. Sci.
=222  \0$aAnnals of the New York Academy of Sciences
=245  00$aAnnals of the New York Academy of Sciences.
=246  1\$iOccasional issues also entitled:$aYear in neurology
=260  \\$aNew York :$bNew York Academy of Sciences,$c1877-
=260  3\$32006-$aOxford :$bBlackwell Publishing
=300  \\$billustrations (colour)
=310  \\$aTwenty eight issues yearly
=336  \\$atext$2rdacontent
=337  \\$aunmediated$2rdamedia
=338  \\$avolume$2rdacarrier
=362  0\$aVol. 1 (July 1877)-
=500  \\$aEditors: 1892-1896/97, T.S. Casey; 1897-1899/1900, G. Van Ingen; 1900/01-1906/07, C.L. Poor; 1908-Jan. 1917, E.O. Hovey; Aug. 1917- R.W. Tower.
=515  \\$aBeginning with v. 65- articles are numbered separately within each vol.
=515  \\$aVol. 434 (1984) is also vol. 7 of: "Enzyme engineering" and shelved with that set.
=525  \\$aRecords of meetings 1808-1916 in v. 11-27.
=525  \\$aAppendix to v. 15: The organizations of the New York Academy of Sciences.
=540  \\$aCurrent copyright fee: GBP46.00$c35\0$5Uk
=555  \\$aCumulative indexes issued biennially.
=580  \\$aIssues for Jan. 1899-Oct. 1938 include: Transactions of the New York Academy of Sciences.
=595  \\$aFORMERLY 1028.5N ABSORBS 3791.935 SEE ALSO CARD INDEX.
=650  \0$aScience.
=710  2\$aNew York Academy of Sciences.
=776  08$iAlso issued online as:$tAnnals of the New York Academy of Sciences$c(Online)$x1749-6632
=777  1\$tTransactions of the New York Academy of Sciences$x0028-7113
=780  00$tAnnals of the Lyceum of Natural History of New York$x0890-6564
=852  71$aBritish Library$bSTI$k(P)$hBX 80$m-E(25)$2blsrissc$3Vol. 1 (1877)-v. 1291 (2013)***title now taken as electronic copy only
=852  41$aBritish Library$bDSC$j1031.000000$3Vol. 1 (1877)-v. 1331 (2014)***UKRR Retained Title***Stock Incomplete
=852  41$aBritish Library$bHMNTS$jAc.3048.$3Vol. 1 (1877)-v. 13 (1900/01); v. 17, pt. 1 (1906); v. 318 (1978); v. 323 (1979); v. 327 (1979); v. 379 (1981)***UKRR Retained Title
=856  \\$31850-9999$uhttp://onlinelibrary.wiley.com/$xBLDSS
=945  \\$aAnnals- New York Academy of Sciences
=959  \\$fHeld but not Currently received
=963  \\$aVOL. 1, 1877- 3, 1886 *A=1$bY$cQ382.C.38
=964  \\$aVOL. 1, 1877- 393, [19?] *A=1; 397- 450, 1985 *A=1; 500, [198?] *A=1$c5$dO$eTN7785
=985  \\$aCONFERENCE ANALYTIC RECORDS EXIST
=985  \\$aRecord merged by DQ team
=985  \\$aResponsibility for ISSN taken by ISSN UK from NSDP, 23.02.07
=ACF  \\$aPrevious Copyright Fee: GBP16.00$c10\0$e18-may-2006$fGBP16.00$g0$hP$5Uk
=ACF  \\$aPrevious Copyright Fee: GBP5.71$c0$e01-apr-2006$fGBP5.71$g0$hC$5Uk
=ACF  \\$aPrevious Copyright Fee: GBP5.56$c0$e01-jan-2006$fGBP5.56$g0$hC$5Uk
=ACF  \\$aPrevious Copyright Fee: GBP5.41$c0$e01-oct-2005$fGBP5.41$g0$hC$5Uk
=ACF  \\$aPrevious Copyright Fee: GBP5.41$c0$e01-jul-2005$fGBP5.41$g0$hC$5Uk
=ACF  \\$aPrevious Copyright Fee: GBP5.41$c0$e01-apr-2005$fGBP5.41$g0$hC$5Uk
=ACF  \\$aPrevious Copyright Fee: GBP5.56$c0$e01-jan-2005$fGBP5.56$g0$hC$5Uk
=ACF  \\$aPrevious Copyright Fee: GBP5.41$c0$e01-oct-2004$fGBP5.41$g0$hC$5Uk
=ACF  \\$aPrevious copyright fee: GBP5.41$c0$e01-apr-2004$fGBP5.41$g0$hC$5Uk
=ACF  \\$aCurrent copyright fee: GBP5.88$c0$e01-jan-2004$fGBP5.88$g0$hC$5Uk
=ACF  \\$aCurrent copyright fee: GBP6.25$c0$e01-jan-2003$fGBP6.25$g0$hC$5Uk
=ACF  \\$aPrevious copyright fee: GBP17.00$c10\0$e01-jan-2009$fGBP17.00$g0$hP$5Uk
=ACF  \\$aPrevious copyright fee: GBP22.00$c10\0$e01-jan-2011$fGBP22.00$g0$hP$5Uk
=ACF  \\$aPrevious copyright fee: GBP24.00$c10\0$e01-mar-2015$fGBP24.00$g0$hP$5Uk
=ACF  \\$aPrevious copyright fee: GBP24.00$c35\0$e07-mar-2017$fGBP24.00$g0$hP$5Uk
=ACF  \\$aPrevious copyright fee: GBP28.00$c35\0$e01-jan-2019$fGBP28.00$g0$hP$5Uk
=CAT  \\$aCONV$b00$c20040425$lBLL90$h0658
=CAT  \\$a6933$b40$c20120731$lBLL01$h1711
=CAT  \\$aBATCH-CLA$b00$c20121104$lBLL01$h1000
=CAT  \\$aWR13.005$c20130323$lBLL01$h1343
=CAT  \\$a8323$b40$c20130604$lBLL01$h1349
=CAT  \\$a6162$b40$c20140211$lBLL01$h1327
=CAT  \\$a6162$b40$c20140211$lBLL01$h1547
=CAT  \\$aBLDSS-3PM$b00$c20141214$lBLL01$h1519
=CAT  \\$a7233$b40$c20150212$lBLL01$h1131
=CAT  \\$aBATCH-UPD$b40$c20150215$lBLL01$h1620
=CAT  \\$a7233$b40$c20150219$lBLL01$h1426
=CAT  \\$aIPL-CLA$c20150228$lBLL01$h2043
=CAT  \\$aBATCH-UPD$b00$c20160623$lBLL01$h0815
=CAT  \\$a8874$b40$c20160628$lBLL01$h0713
=CAT  \\$a8874$b40$c20160628$lBLL01$h0716
=CAT  \\$aW1703-0316$c20170306$lBLL01$h1822
=CAT  \\$aW1703-0316$c20170307$lBLL01$h1645
=CAT  \\$aIPL-CLA$c20170307$lBLL01$h1823
=CAT  \\$aBATCH-UPD$b00$c20180219$lBLL01$h1741
=CAT  \\$aBATCH-UPD$b00$c20181121$lBLL01$h1619
=CAT  \\$aIPL-CLA$c20181231$lBLL01$h1535
=CAT  \\$aR1911-0245$c20191127$lBLL01$h0945
=CAT  \\$aR1911-0245$c20191127$lBLL01$h1044
=CAT  \\$aIPL-CLA$c20191231$lBLL01$h1805
=CAT  \\$aW2111-0842$c20211209$lBLL01$h1035
=CAT  \\$aIPL-CLA$c20211231$lBLL01$h1537
=CFI  0\$aCurrent copyright fee: GBP46.00$c35\0$e01-jan-2022$fGBP46.00$g0$hP$5Uk
=CFI  2\$aPrevious Copyright Fee: GBP39.00$c35\0$e01-jan-2020$fGBP39.00$g0$hP$5Uk
=EST  \\$a2
=FFP  \\$aY$bBLDSS-3PM
=FIN  \\$aY
=FMT  \\$a  SE
=LAS  \\$aIPL-CLA$b00$c20211231$lBLL01$h1537
=LEO  \\$aMP1.0002804359.1
=LEO  \\$aMP10.0000050492
=LEO  \\$aMP25.0000008929
=LKR  \\$aPAR$b013471959$lBLL01$r776$mAnnals of the New York Academy of Sciences (Print)$nAnnals of the New York Academy of Sciences (Online)
=LKR  \\$aPAR$b009833804$lBLL01$r78000$mAnnals of the New York Academy of Sciences$nAnnals of the Lyceum of Natural History of New York
=MIS  \\$aSO
=SRC  \\$aBLS01$bbibmp1.200404.2.ad
=SRC  \\$aSRI01$bbibmp25.200404.2.aa
=SRC  \\$aDSS01$bbibmp10.200404.2.aa
=TCO  \\$aCLA$bCLA$c008
=TOC  \\$aETOC
=UNO  \\$aY

