=LDR  04719cas a2201057 a 4500
=001  009841142
=003  Uk
=005  20230210005034.0
=007  ta
=008  040409d19551985enka|\\\\\\\\\0\\\a0eng\\
=019  c\$a2023280
=019  0\$as07398101x
=022  0\$a0074-9125$y0963-4053
=040  \\$aUk$cUk$dUk
=082  04$a669.6
=110  2\$aInternational Tin Research Council.
=210  0\$aAnnu. rep. - Int. Tin Res. Counc.
=222  \0$aAnnual report- International Tin Research Council
=245  10$aAnnual report - International Tin Research Council.
=260  \\$aGreenford :$b[International Tin Research Council],$c1955-1985.
=300  \\$c24-30cm.
=336  \\$atext$2rdacontent
=337  \\$aunmediated$2rdamedia
=338  \\$avolume$2rdacarrier
=540  \\$aCurrent Copyright Fee: GBP25.00$c0$5Uk
=595  \\$aFORMERLY 4109.8 CONTD AS 1311.92 1985-
=610  20$aInternational Tin Research Council$vPeriodicals.
=650  \0$aTin$xResearch.
=772  0\$tITRI publication$x0144-3143
=780  00$aTin Research Institute$tReport of the Tin Research Institute
=785  00$aInternational Tin Research Institute$tAnnual report - International Tin Research Institute$x0963-4053
=852  71$aBritish Library$bSTI$k(P)$hNG 60$m(T10) -E(2)$2blsrissc$31954-1984
=852  41$aBritish Library$bDSC$j1311.900000$31955-Issue 1984 (1985)***UKRR Retained Title***Stock Incomplete
=945  \\$aAnnual report- International Tin Research Council Greenford.
=959  \\$fHeld but not currently received
=985  \\$aRecord merged by DQ team
=985  \\$aISSN responsibility held by International ISSN Centre. 22/5/08
=A02  \\$a2023280
=ACF  \\$aPrevious copyright fee: GBP9.00$c0$e01-apr-2010$fGBP9.00$g0$hA$5Uk
=ACF  \\$aPrevious copyright fee: GBP6.00$c0$e01-apr-2008$fGBP6.00$g0$hA$5Uk
=ACF  \\$aPrevious copyright fee: GBP5.00$c0$e01-jul-2002$fGBP5.00$g0$hA$5Uk
=ACF  \\$aCurrent copyright fee: GBP4.40$c0$e01-jul-1998$fGBP4.40$g0$hA$5Uk
=ACF  \\$aCurrent copyright fee: GBP4.20$c0$e01-apr-1997$fGBP4.20$g0$hA$5Uk
=ACF  \\$aPrevious copyright fee: GBP10.50$c0$e01-jan-2011$fGBP10.50$g0$hA$5Uk
=ACF  \\$aPrevious copyright fee: GBP12.00$c0$e01-jan-2012$fGBP12.00$g0$hA$5Uk
=ACF  \\$aPrevious Copyright Fee: GBP12.30$c0$e01-jan-2014$fGBP12.30$g0$hA$5Uk
=ACF  \\$aPrevious Copyright Fee: GBP15.00$c0$e01-jan-2017$fGBP15.00$g0$hA$5Uk
=ACF  \\$aPrevious Copyright Fee: GBP17.50$c0$e01-jan-2018$fGBP17.50$g0$hA$5Uk
=ACF  \\$aPrevious Copyright Fee: GBP20.00$c0$e01-jan-2020$fGBP20.00$g0$hC$5Uk
=ACF  \\$aPrevious Copyright Fee: GBP22.50$c0$e01-jan-2021$fGBP22.50$g0$hC$5Uk
=CAT  \\$aCONV$b00$c20040425$lBLL90$h0658
=CAT  \\$aBATCH-UPD$b00$c20100225$lBLL01$h2359
=CAT  \\$aBATCH-UPD$b00$c20100331$lBLL01$h2150
=CAT  \\$aBATCH-UPD$b00$c20100401$lBLL01$h0124
=CAT  \\$aBATCH$b00$c20100401$lBLL01$h0428
=CAT  \\$aBATCH$b00$c20100401$lBLL01$h1445
=CAT  \\$aBATCH-UPD$b00$c20100926$lBLL01$h0919
=CAT  \\$aBATCH-UPD$b00$c20101124$lBLL01$h1825
=CAT  \\$aBATCH-UPD$b00$c20101125$lBLL01$h1046
=CAT  \\$aIPL-CLA$c20101231$lBLL01$h1313
=CAT  \\$aWR11_203$c20111204$lBLL01$h1348
=CAT  \\$aIPL-CLA$c20111230$lBLL01$h1814
=CAT  \\$aBATCH-CLA$b00$c20121104$lBLL01$h0959
=CAT  \\$aWR13.005$c20130323$lBLL01$h1346
=CAT  \\$aBATCH-CLA$c20131217$lBLL01$h1832
=CAT  \\$aIPL-CLA$c20131231$lBLL01$h2031
=CAT  \\$aBATCH-CLA$b00$c20161222$lBLL01$h1723
=CAT  \\$aIPL-CLA$c20161230$lBLL01$h1916
=CAT  \\$aBATCH-CLA$b00$c20171222$lBLL01$h2024
=CAT  \\$aIPL-CLA$c20171231$lBLL01$h1448
=CAT  \\$aBATCH-CLA$b00$c20191129$lBLL01$h1631
=CAT  \\$aIPL-CLA$c20191231$lBLL01$h1807
=CAT  \\$aBATCH-CLA$b00$c20201126$lBLL01$h1422
=CAT  \\$aIPL-CLA$c20201231$lBLL01$h2012
=CAT  \\$aBATCH-CLA$b00$c20221130$lBLL01$h1501
=CAT  \\$aIPL-CLA$c20221231$lBLL01$h1925
=CAT  \\$aBATCH-CLA$b00$c20230209$lBLL01$h1547
=CAT  \\$aIPL-CLA$c20230210$lBLL01$h0050
=CFI  0\$aCurrent Copyright Fee: GBP25.00$c0$e09-feb-2023$fGBP25.00$g0$hC$5Uk
=CFI  2\$aBritish Library not licensed to copy$c0$e01-jan-2023$hC$iCFP Excluded$5Uk
=FIN  \\$aY
=FMT  \\$a  SE
=LAS  \\$aIPL-CLA$b00$c20230210$lBLL01$h0050
=LEO  \\$aMP22.0000002835
=LEO  \\$aMP10.0000059942
=LEO  \\$aMP25.0000008574
=LKR  \\$aPAR$b009212697$lBLL01$r78000$mAnnual report- International Tin Research Council$nReport of the Tin Research Institute.
=SRC  \\$aISN01$bbibmp22.200404.2.aa
=SRC  \\$aSRI01$bbibmp25.200404.2.aa
=SRC  \\$aDSS01$bbibmp10.200404.2.aa
=TCO  \\$aCLA$bCLA$c008

