=LDR  05503cas a2201309 a 4500
=001  009846650
=003  Uk
=005  20221231143748.0
=007  ta
=008  890125c19879999enkbr\p\\\\\\\0\\\a0eng\\
=015  \\$aGB8924128$2bnb
=019  c\$a2332959
=019  y\$ab8924128
=019  9\$ab8924128
=019  1\$ab8924128
=019  0\$as224126016
=022  0\$a0818-9641
=039  0\$a2024
=040  \\$aUk$cUk$dUk
=050  00$aQR181
=082  04$a616.079$221
=084  \\$aEW 00$2blsrissc
=222  \0$aImmunology and cell biology
=245  00$aImmunology and cell biology.
=260  \\$a[Adelaide] :$bUniversity of Adelaide,$c1987-
=260  2\$aOxford :$bBlackwell Scientific
=264  21$aLinden, NJ :$bNature Publishing Group
=264  31$aLondon :$bSpringer Nature, a division of Macmillan Publishers Ltd
=300  \\$av. ;$c25 cm.
=310  \\$aTen issues a year,$b2012-
=321  \\$aEight issues a year,$b2007-2011
=321  \\$aBimonthly,$b1987-2006
=336  \\$atext$2rdacontent
=337  \\$aunmediated$2rdamedia
=338  \\$avolume$2rdacarrier
=362  0\$aVol.65, pt.1 (Feb. 1987)-
=500  \\$aJournal of the Australian Society for Immunology.
=540  \\$aCurrent Copyright Fee: GBP39.00$c35\0$5Uk
=588  \\$aLatest issue consulted: volume 95, number 2 (February 2017).
=595  \\$aFormerly 1808.000000 up to Vol. 64 (1986). See also RMS for Vol. 66 (1988).
=650  \0$aImmunology.
=653  \\$aImmunology$aSerials
=710  2\$aAustralian Society for Immunology.
=710  2\$aUniversity of Adelaide.
=776  0\$tImmunology and cell biology (Online)$x1440-1711
=780  00$tAustralian journal of experimental biology and medical science$x0004-945X
=852  71$aBritish Library$bSTI$k(P)$hEW 00$m-E(58)$2blsrissc$3Vol. 65 (1987)-v. 78 (2000)
=852  41$aBritish Library$bHMNTS$jDZK.9.x.505$3Vol. 79, no. 1 (Feb. 2001)-v. 95 Issue 10 (2017)***Title now taken as electronic copy
=852  41$aBritish Library$bDSC$j4369.702400$3Vol. 65, issue 1 (1987)-v. 85, issue 8 (2007)
=856  \\$31850-9999$uhttp://www.nature.com/$xBLDSS
=886  2\$2blmarc$a029$b00$aS224126008
=945  \\$aImmunology and cell biology
=959  \\$fHeld but not currently received
=963  \\$aCA/U-2 Vol. 65 (1985)-$bY
=968  \\$bX
=985  \\$aRecord merged by DQ team
=985  \\$aISSN UK Centre note: responsibility transferred from ISSN Australia 3.3.17.
=985  \\$aISSN responsibility transfer to U.S. Center pending - no print copy yet (Richard, 14/03/18)
=ACF  \\$aPrevious Copyright Fee: GBP16.60$c16\0$e01-jan-2007$fGBP16.60$g0$hP$5Uk
=ACF  \\$aPrevious copyright fee: GBP22.00$c10\0$e01-jan-2006$fGBP22.00$g0$hP$5Uk
=ACF  \\$aPrevious copyright fee: GBP15.00$c10\0$e01-apr-2004$fGBP15.00$g0$hP$5Uk
=ACF  \\$aCurrent copyright fee: GBP13.00$c10\0$e01-apr-2003$fGBP13.00$g0$hP$5Uk
=ACF  \\$aCurrent copyright fee: GBP13.00$c10\3$e01-jan-2002$fGBP13.00$g0$hP$5Uk
=ACF  \\$aPrevious copyright fee: GBP17.50$c16\0$e01-jan-2009$fGBP17.50$g0$hP$5Uk
=ACF  \\$aPrevious copyright fee: GBP24.00$c16\0$e01-jan-2018$fGBP24.00$g0$hP$5Uk
=ACF  \\$aPrevious copyright fee: GBP22.00$c16\0$e01-oct-2010$fGBP22.00$g0$hP$5Uk
=ACF  \\$aPrevious copyright fee: GBP24.00$c35\0$e29-jan-2018$fGBP24.00$g0$hP$5Uk
=ACF  \\$aPrevious copyright fee: GBP28.00$c35\0$e01-jan-2019$fGBP28.00$g0$hP$5Uk
=CAT  \\$aCONV$b00$c20040425$lBLL90$h0704
=CAT  \\$aIPL-CLA$c20100930$lBLL01$h1502
=CAT  \\$aBATCH-CLA$b00$c20121104$lBLL01$h0957
=CAT  \\$aWR12_168$c20121206$lBLL01$h1835
=CAT  \\$a5552$b40$c20131016$lBLL01$h0902
=CAT  \\$a5997$b40$c20140410$lBLL01$h0702
=CAT  \\$aWR14_140$c20140905$lBLL01$h1735
=CAT  \\$a11316$b40$c20141001$lBLL01$h1525
=CAT  \\$aBLDSS-3PM$b00$c20150111$lBLL01$h1519
=CAT  \\$aBATCH-UPD$b00$c20160603$lBLL01$h1652
=CAT  \\$a10973$b40$c20170221$lBLL01$h1348
=CAT  \\$a10973$b40$c20170303$lBLL01$h1038
=CAT  \\$aBATCH-UPD$b40$c20171121$lBLL01$h1635
=CAT  \\$aIPL-CLA$c20171231$lBLL01$h1449
=CAT  \\$a5552$b40$c20180129$lBLL01$h1337
=CAT  \\$aBATCH-UPD$b40$c20180131$lBLL01$h0100
=CAT  \\$aBATCH-UPD$b40$c20180219$lBLL01$h1741
=CAT  \\$a10806$b40$c20180314$lBLL01$h1215
=CAT  \\$aBATCH-UPD$b40$c20181121$lBLL01$h1619
=CAT  \\$aIPL-CLA$c20181231$lBLL01$h1535
=CAT  \\$a10806$b40$c20190109$lBLL01$h1151
=CAT  \\$aR1911-0245$c20191127$lBLL01$h0821
=CAT  \\$aR1911-0245$c20191127$lBLL01$h1044
=CAT  \\$aIPL-CLA$c20191231$lBLL01$h1808
=CAT  \\$a8055$b40$c20221230$lBLL01$h1043
=CAT  \\$aIPL-CLA$c20221231$lBLL01$h1437
=CFI  0\$aCurrent Copyright Fee: GBP39.00$c35\0$e01-jan-2023$fGBP39.00$g0$hP$5Uk
=CFI  2\$aPrevious Copyright Fee: GBP32.00$c35\0$e01-jan-2020$fGBP32.00$g0$hP$5Uk
=FFP  \\$aY$bBLDSS-3PM
=FIN  \\$aY
=FMT  \\$a  SE
=LAS  \\$aIPL-CLA$b00$c20221231$lBLL01$h1437
=LEO  \\$aMP25.0000086561
=LEO  \\$aMP5.0000777360
=LEO  \\$aMP13.0000298314
=LEO  \\$aMP10.0000278579
=LKR  \\$aPAR$b010472072$lBLL01$r78000$mImmunology and cell biology$nAUSTRALIAN JOURNAL OF EXPERIMENTAL BIOLOGY AND MEDICAL SCIENCE.
=SRC  \\$aSRI01$bbibmp25.200404.2.aa
=SRC  \\$aBNB03$bbibmp5.200404.2.ab
=SRC  \\$aHSS01$bbibmp13.200404.2.aa
=SRC  \\$aDSS01$bbibmp10.200404.2.aa
=TCO  \\$aCLA$bCLA$c008
=TOC  \\$aETOC
=UNO  \\$aY

