=LDR  04090 as a2201033 a 4500
=001  009858120
=003  Uk
=005  20120306082739.0
=007  ta
=008  781009c19729999xxuar\\\\i\\\\0\\\a0eng\\
=010  \\$a72001964
=019  1\$ar6079346
=019  c\$a2086124
=022  0\$a0000-0388
=040  \\$aUk$cUk$dUk
=050  00$aZ5784.M9
=082  04$a016.79143$219
=210  0\$aInt. index film period.
=222  \0$aInternational index to film periodicals
=245  00$aInternational index to film periodicals.
=260  \\$aNew York ;$aLondon :$bBowker,$c1973-
=300  \\$av. ;$c29 cm.
=310  \\$aAnnual
=336  \\$atext$2rdacontent
=337  \\$aunmediated$2rdamedia
=338  \\$avolume$2rdacarrier
=362  0\$a1972-
=500  \\$aImprint varies.
=530  \\$aAlso issued online.
=540  \\$aBritish Library not licensed to copy$c0$5Uk
=550  \\$aVols. for 1972- prepared by the International Federation of Film Archives.
=595  \\$aLATEST DSC EDITION SHELVED IN DSC READING ROOM AT Q791.4305.
=650  \0$aMoving-pictures$xPeriodicals$vIndexes.
=653  \\$aCinema films$aSerial articles$aIndexes$aSerials
=710  2\$aInternational Federation of Film Archives.
=852  41$aBritish Library$bDSC$j4541.050000$31972-2007
=852  41$aBritish Library$bHMNTS$jP.903/206$31972-2002.
=945  \\$aINTERNATIONAL INDEX TO FILM PERIODICALS.
=957  \\$a731107C
=959  \\$fHeld but not currently received
=963  \\$a1972- *A=1$bN$cR415:5.319
=985  \\$aISSN responsibility held by ISSN US Center. 18/10/10
=A02  \\$a2086124
=ACF  \\$aPrevious copyright fee: GBP5.00$c0$e03-sep-1998$fGBP5.00$g0$hC$5Uk
=ACF  \\$aCurrent copyright fee: GBP4.60$c0$e01-apr-1997$fGBP4.60$g0$hC$5Uk
=ACF  \\$aPrevious copyright fee: GBP10.50$c0$e01-jan-2011$fGBP10.50$g0$hA$5Uk
=ACF  \\$aBritish Library not licensed to copy$c0$e07-sep-2011$hC$iTX$5Uk
=ACF  \\$aBritish Library not licensed to copy$c0$e01-apr-2013$hC$iCFP Excluded$5Uk
=ACF  \\$aBritish Library not licensed to copy$c0$e01-jul-2013$hC$iCFP Excluded$5Uk
=ACF  \\$aBritish Library not licensed to copy$c0$e01-oct-2013$hC$iCFP Excluded$5Uk
=ACF  \\$aBritish Library not licensed to copy$c0$e01-jan-2014$hC$iCFP Excluded$5Uk
=CAT  \\$aCONV$b00$c20040425$lBLL90$h0704
=CAT  \\$aBATCH$b00$c20091214$lBLL01$h0538
=CAT  \\$aBATCH$b00$c20091216$lBLL01$h0134
=CAT  \\$a6550$b40$c20101014$lBLL01$h1523
=CAT  \\$a11316$b40$c20101018$lBLL01$h1424
=CAT  \\$aBATCH-UPD$b40$c20101201$lBLL01$h1226
=CAT  \\$aIPL-CLA$c20101231$lBLL01$h1320
=CAT  \\$aBATCH-UPD$b00$c20110907$lBLL01$h1808
=CAT  \\$aIPL-CLA$c20110908$lBLL01$h1723
=CAT  \\$a8874$b40$c20120306$lBLL01$h0825
=CAT  \\$a8874$b40$c20120306$lBLL01$h0827
=CAT  \\$aBATCH-CLA$b00$c20121105$lBLL01$h1754
=CAT  \\$aBATCH-CLA$b00$c20130228$lBLL01$h1709
=CAT  \\$aWR13.005$c20130323$lBLL01$h1353
=CAT  \\$aIPL-CLA$c20130331$lBLL01$h1047
=CAT  \\$a540_fix$c20130403$lBLL01$h2007
=CAT  \\$aBATCH-CLA$b00$c20130531$lBLL01$h1649
=CAT  \\$aIPL-CLA$c20130701$lBLL01$h0019
=CAT  \\$aBATCH-CLA$b00$c20130830$lBLL01$h1624
=CAT  \\$aIPL-CLA$c20130930$lBLL01$h1728
=CAT  \\$aBATCH-CLA$b00$c20131129$lBLL01$h1650
=CAT  \\$aIPL-CLA$c20131231$lBLL01$h2040
=CAT  \\$aBATCH-CLA$b00$c20140228$lBLL01$h1612
=CAT  \\$aIPL-CLA$c20140331$lBLL01$h1620
=CAT  \\$aBATCH-CLA$b00$c20140530$lBLL01$h1707
=CAT  \\$aIPL-CLA$c20140630$lBLL01$h1705
=CFI  0\$aBritish Library not licensed to copy$c0$e01-jul-2014$hC$iCFP Excluded$5Uk
=CFI  2\$aBritish Library not licensed to copy$c0$e01-apr-2014$hC$iCFP Excluded$5Uk
=FIN  \\$aY
=FMT  \\$a  SE
=LAS  \\$aIPL-CLA$b00$c20140630$lBLL01$h1705
=LEO  \\$aMP10.0000294799
=LEO  \\$aMP13.0000893662
=LEO  \\$aMP22.0000000003
=SRC  \\$aDSS01$bbibmp10.200404.2.aa
=SRC  \\$aHSS01$bbibmp13.200404.2.ab
=SRC  \\$aISN01$bbibmp22.200404.2.aa
=TCO  \\$aTRS$bCCC$c008

