=LDR  05069cas a2201093 a 4500
=001  009858391
=003  Uk
=005  20221231143802.0
=007  ta
=008  040409c19979999enktr\p\\\\\\\0\\\a0eng\\
=019  c\$a2579957
=022  0\$a1028-6632
=040  \\$aUk$cUk$dUk
=082  04$a353.7$222
=222  \0$aInternational journal of cultural policy
=245  04$aThe international journal of cultural policy :$bCP.
=246  30$aCP
=246  1\$iIssues carry also the title:$aCultural policy
=260  \\$aAmsterdam, The Netherlands :$bHarwood Academic Publishers,$cc1997-
=260  3\$32005-$aAbingdon :$bRoutledge
=300  \\$av. :$bill. ;$c23 cm.
=310  \\$aThrice-annual
=336  \\$atext$2rdacontent
=337  \\$aunmediated$2rdamedia
=338  \\$avolume$2rdacarrier
=362  0\$aVol. 4, no. 1 (Oct. 1997)-
=540  \\$aCurrent copyright fee: GBP37.00$c2\0$5Uk
=595  \\$aFORMERLY 3829.728244 UP TO VOL. 3, 1997 SEE ALSO CARD INDEX.
=650  \0$aCultural policy$vPeriodicals.
=690  7\$aManagement and Business Studies$2blcoll
=776  0\$tInternational journal of cultural policy$c(Online)$x1477-2833
=780  00$tEuropean journal of cultural policy$x1074-6897
=852  41$aBritish Library$bDSC$j4542.180700$3Vol. 4 (1997)-v. 17, no. 4 (2011)***UKRR Retained Title***Stock incomplete
=856  \\$31850-9999$uhttp://www.tandfonline.com/$xBLDSS
=945  \\$aINTERNATIONAL JOURNAL OF CULTURAL POLICY.
=959  \\$fHeld but not currently received
=985  \\$aCorrected by MS generated file for WR# 12.018
=985  \\$aISSN responsibility held by ISSN United States Center - 23/01/09
=A02  \\$a2579957
=ACF  \\$aPrevious copyright fee: GBP17.00$c2\0$e01-jan-2010$fGBP17.00$g0$hP$5Uk
=ACF  \\$aPrevious copyright fee: GBP16.00$c2\0$e01-jan-2009$fGBP16.00$g0$hP$5Uk
=ACF  \\$aPrevious copyright fee: GBP15.00$c2\0$e01-apr-2008$fGBP15.00$g0$hP$5Uk
=ACF  \\$aPrevious copyright fee: GBP16.00$c2\0$e01-jan-2007$fGBP16.00$g0$hP$5Uk
=ACF  \\$aPrevious copyright fee: GBP13.00$c2\0$e01-jan-2005$fGBP13.00$g0$hP$5Uk
=ACF  \\$aPrevious copyright fee: GBP11.00$c2\0$e01-jan-2004$fGBP11.00$g0$hP$5Uk
=ACF  \\$aCurrent copyright fee: GBP10.00$c2\0$e07-may-2002$fGBP10.00$g0$hP$5Uk
=ACF  \\$aCurrent copyright fee: GBP2.50$c0$e15-oct-1999$fGBP2.50$g0$hC$5Uk
=ACF  \\$aPrevious copyright fee: GBP21.00$c2\0$e01-jan-2011$fGBP21.00$g0$hP$5Uk
=ACF  \\$aPrevious copyright fee: GBP23.00$c2\0$e01-jan-2012$fGBP23.00$g0$hP$5Uk
=ACF  \\$aPrevious copyright fee: GBP23.50$c2\0$e01-jan-2013$fGBP23.50$g0$hP$5Uk
=ACF  \\$aPrevious copyright fee: GBP24.00$c2\0$e01-jan-2014$fGBP24.00$g0$hP$5Uk
=ACF  \\$aPrevious copyright fee: GBP25.00$c2\0$e01-jan-2015$fGBP25.00$g0$hP$5Uk
=ACF  \\$aPrevious copyright fee: GBP26.00$c2\0$e01-jan-2016$fGBP26.00$g0$hP$5Uk
=ACF  \\$aPrevious copyright fee: GBP28.00$c2\0$e01-jan-2017$fGBP28.00$g0$hP$5Uk
=ACF  \\$aPrevious copyright fee: GBP30.00$c2\0$e01-jan-2018$fGBP30.00$g0$hP$5Uk
=ACF  \\$aPrevious copyright fee: GBP32.00$c2\0$e01-jan-2019$fGBP32.00$g0$hP$5Uk
=ACF  \\$aPrevious copyright fee: GBP34.00$c2\0$e01-jan-2020$fGBP34.00$g0$hP$5Uk
=CAT  \\$aCONV$b00$c20040425$lBLL90$h0704
=CAT  \\$aWR13.005$c20130323$lBLL01$h1353
=CAT  \\$aBATCH-UPD$b00$c20131119$lBLL01$h1958
=CAT  \\$a8874$b40$c20131128$lBLL01$h1114
=CAT  \\$aIPL-CLA$c20131231$lBLL01$h2041
=CAT  \\$aBATCH-CLA$b00$c20140125$lBLL01$h1319
=CAT  \\$aBATCH-CLA$c20140225$lBLL01$h2315
=CAT  \\$aBATCH-UPD$b00$c20141124$lBLL01$h1800
=CAT  \\$aBLDSS-3PM$b00$c20141130$lBLL01$h1246
=CAT  \\$aIPL-CLA$c20141231$lBLL01$h1644
=CAT  \\$aBATCH-UPD$b00$c20151119$lBLL01$h1541
=CAT  \\$aIPL-CLA$c20151231$lBLL01$h1911
=CAT  \\$aBATCH-UPD$b00$c20160413$lBLL01$h1807
=CAT  \\$aBATCH-UPD$b00$c20161122$lBLL01$h1510
=CAT  \\$aBATCH-UPD$b00$c20161122$lBLL01$h1600
=CAT  \\$aIPL-CLA$c20161230$lBLL01$h1921
=CAT  \\$aBATCH-UPD$b00$c20171121$lBLL01$h1645
=CAT  \\$aIPL-CLA$c20171231$lBLL01$h1453
=CAT  \\$aBATCH-UPD$b00$c20181217$lBLL01$h1636
=CAT  \\$aIPL-CLA$c20181231$lBLL01$h1535
=CAT  \\$aBATCH-UPD$b00$c20191122$lBLL01$h1858
=CAT  \\$aIPL-CLA$c20191231$lBLL01$h1811
=CAT  \\$aBATCH-UPD$b00$c20201118$lBLL01$h1332
=CAT  \\$aIPL-CLA$c20201231$lBLL01$h1522
=CAT  \\$aBATCH-UPD$b00$c20221121$lBLL01$h1345
=CAT  \\$aIPL-CLA$c20221231$lBLL01$h1438
=CFI  0\$aCurrent copyright fee: GBP37.00$c2\0$e01-jan-2023$fGBP37.00$g0$hP$5Uk
=CFI  2\$aPrevious copyright fee: GBP35.00$c2\0$e01-jan-2021$fGBP35.00$g0$hP$5Uk
=FFP  \\$aY$bBLDSS-3PM
=FIN  \\$aY
=FMT  \\$a  SE
=LAS  \\$aIPL-CLA$b00$c20221231$lBLL01$h1438
=LEO  \\$aMP10.0000295266
=LKR  \\$aPAR$b013359727$lBLL01$r776$mInternational journal of cultural policy$nInternational journal of cultural policy (Online)
=SRC  \\$aDSS01$bbibmp10.200404.2.aa
=TCO  \\$aCLA$bCLA$c008
=TOC  \\$aETOC

