=LDR  06093cas a2201285 a 4500
=001  009858759
=003  Uk
=005  20221231143806.0
=007  ta
=008  771001c19209999enkbr\p\\\\\\\0\\\a0eng\\
=019  x\$a1594280029
=019  c\$a2086379
=022  0\$a0020-7578
=030  \\$aIJPSA
=040  \\$aUk$cUk$dUk
=082  04$a150.195$222
=210  0\$aInt. j. psycho-anal.
=222  \0$aInternational journal of psycho-analysis
=245  00$aInternational journal of psycho-analysis.
=246  3\$aInternational journal of psychoanalysis
=260  \\$aLondon :$bBaillière Tindall
=260  3\$aLondon :$bInstitute of Psychoanalysis.
=300  \\$av. ;$c28 cm.
=310  \\$aBimonthly
=336  \\$atext$2rdacontent
=337  \\$aunmediated$2rdamedia
=338  \\$avolume$2rdacarrier
=362  0\$av. 1- 1920-
=540  \\$aCurrent copyright fee: GBP37.00$c2\0$5Uk
=595  \\$aABSORBS 4547.52 SEE ALSO CARD INDEX.
=650  \0$aPsychoanalysis$vPeriodicals.
=710  2\$aInstitute of Psycho-analysis (Great Britain)
=770  0\$tBulletin of the International Psycho-Analytical Association$x0074-753X
=776  0\$tInternational journal of psychoanalysis$c(Online)$x1745-8315
=780  05$tInternational review of psycho-analysis$x0306-2643
=852  41$aBritish Library$bDSC$j4542.498000$3Vol. 1, no. 1 (1920)-v. 91, no. 6 (2010)***UKRR Retained Title***Stock Incomplete
=852  41$aBritish Library$bHMNTS$jAc.3833.c.$3Vol. 1 (1920)-v. 94, no. 2 (2013); wanting: v. 57, pt. 3 (1976), v. 81, pt. 1 (2000)***title now taken as electronic copy only
=856  \\$31850-9999$uhttp://onlinelibrary.wiley.com/$xBLDSS
=945  \\$aINTERNATIONAL JOURNAL OF PSYCHOANALYSIS.
=959  \\$fHeld but not currently received
=963  \\$aVOL. 1, 1920- *A=1$bY$cP326.B.36
=985  \\$aISSN UK Centre: responsibility transferred to US Center 8/7/22 (DLW ; (published by Routledge, no copy to update 264).
=A02  \\$a2086379
=ACF  \\$aPrevious copyright fee: GBP16.00$c10\0$e05-aug-2008$fGBP16.00$g0$hP$5Uk
=ACF  \\$aPrevious Copyright Fee: GBP6.00$c0$e01-jul-2008$fGBP6.00$g0$hC$5Uk
=ACF  \\$aPrevious Copyright Fee: GBP6.00$c0$e01-apr-2008$fGBP6.00$g0$hC$5Uk
=ACF  \\$aPrevious Copyright Fee: GBP6.00$c0$e01-jan-2008$fGBP6.00$g0$hC$5Uk
=ACF  \\$aPrevious Copyright Fee: GBP5.00$c0$e01-oct-2007$fGBP5.00$g0$hC$5Uk
=ACF  \\$aPrevious Copyright Fee: GBP5.00$c0$e01-jul-2007$fGBP5.00$g0$hC$5Uk
=ACF  \\$aPrevious Copyright Fee: GBP5.00$c0$e01-apr-2007$fGBP5.00$g0$hC$5Uk
=ACF  \\$aPrevious Copyright Fee: GBP5.00$c0$e01-jan-2007$fGBP5.00$g0$hC$5Uk
=ACF  \\$aPrevious Copyright Fee: GBP5.00$c0$e01-oct-2006$fGBP5.00$g0$hC$5Uk
=ACF  \\$aPrevious Copyright Fee: GBP5.00$c0$e01-jul-2006$fGBP5.00$g0$hC$5Uk
=ACF  \\$aPrevious Copyright Fee: GBP5.00$c0$e01-apr-2006$fGBP5.00$g0$hC$5Uk
=ACF  \\$aPrevious Copyright Fee: GBP5.00$c0$e01-jan-2006$fGBP5.00$g0$hC$5Uk
=ACF  \\$aPrevious Copyright Fee: GBP5.00$c0$e01-oct-2005$fGBP5.00$g0$hC$5Uk
=ACF  \\$aPrevious Copyright Fee: GBP5.00$c0$e01-jul-2005$fGBP5.00$g0$hC$5Uk
=ACF  \\$aPrevious Copyright Fee: GBP5.00$c0$e01-apr-2005$fGBP5.00$g0$hC$5Uk
=ACF  \\$aPrevious Copyright Fee: GBP5.00$c0$e01-jan-2005$fGBP5.00$g0$hC$5Uk
=ACF  \\$aPrevious Copyright Fee: GBP5.00$c0$e01-oct-2004$fGBP5.00$g0$hC$5Uk
=ACF  \\$aPrevious copyright fee: GBP5.00$c0$e01-jul-2002$fGBP5.00$g0$hC$5Uk
=ACF  \\$aCurrent copyright fee: GBP10.54$c0$e01-jul-2001$fGBP10.54$g0$hC$5Uk
=ACF  \\$aCurrent copyright fee: GBP5.00$c0$e03-sep-1998$fGBP5.00$g0$hC$5Uk
=ACF  \\$aPrevious copyright fee: GBP17.00$c10\0$e01-jan-2009$fGBP17.00$g0$hP$5Uk
=ACF  \\$aPrevious copyright fee: GBP22.00$c10\0$e01-jan-2011$fGBP22.00$g0$hP$5Uk
=ACF  \\$aPrevious copyright fee: GBP24.00$c35\0$e07-mar-2017$fGBP24.00$g0$hP$5Uk
=ACF  \\$aPrevious copyright fee: GBP24.00$c10\0$e01-mar-2015$fGBP24.00$g0$hP$5Uk
=ACF  \\$aPrevious copyright fee: GBP30.00$c2\0$e29-nov-2018$fGBP30.00$g0$hP$5Uk
=ACF  \\$aPrevious copyright fee: GBP32.00$c2\0$e01-jan-2019$fGBP32.00$g0$hP$5Uk
=ACF  \\$aPrevious copyright fee: GBP34.00$c2\0$e01-jan-2020$fGBP34.00$g0$hP$5Uk
=CAT  \\$aCONV$b00$c20040425$lBLL90$h0704
=CAT  \\$aWR13.005$c20130323$lBLL01$h1354
=CAT  \\$aBATCH-CLA$b00$c20140125$lBLL01$h1315
=CAT  \\$aBATCH-CLA$c20140225$lBLL01$h2315
=CAT  \\$aBLDSS-3PM$b00$c20141214$lBLL01$h1519
=CAT  \\$aBATCH-UPD$b00$c20150215$lBLL01$h1620
=CAT  \\$aIPL-CLA$c20150228$lBLL01$h2043
=CAT  \\$aW1703-0316$c20170306$lBLL01$h1822
=CAT  \\$aW1703-0316$c20170307$lBLL01$h1646
=CAT  \\$aIPL-CLA$c20170307$lBLL01$h1823
=CAT  \\$aBATCH-UPD$b00$c20180219$lBLL01$h1741
=CAT  \\$aBATCH-UPD$b00$c20181121$lBLL01$h1619
=CAT  \\$a8055$b40$c20181129$lBLL01$h1351
=CAT  \\$a5552$b40$c20181204$lBLL01$h1408
=CAT  \\$aBATCH-UPD$b40$c20181204$lBLL01$h2319
=CAT  \\$aBATCH-UPD$b40$c20181217$lBLL01$h1636
=CAT  \\$aIPL-CLA$c20181231$lBLL01$h1535
=CAT  \\$aBATCH-UPD$b00$c20191122$lBLL01$h1858
=CAT  \\$aIPL-CLA$c20191231$lBLL01$h1811
=CAT  \\$aBATCH-UPD$b00$c20201118$lBLL01$h1332
=CAT  \\$aIPL-CLA$c20201231$lBLL01$h1522
=CAT  \\$a10973$b40$c20220629$lBLL01$h1113
=CAT  \\$a10973$b40$c20220708$lBLL01$h1400
=CAT  \\$a10973$b40$c20220708$lBLL01$h1401
=CAT  \\$aBATCH-UPD$b40$c20221121$lBLL01$h1345
=CAT  \\$aIPL-CLA$c20221231$lBLL01$h1438
=CFI  0\$aCurrent copyright fee: GBP37.00$c2\0$e01-jan-2023$fGBP37.00$g0$hP$5Uk
=CFI  2\$aPrevious copyright fee: GBP35.00$c2\0$e01-jan-2021$fGBP35.00$g0$hP$5Uk
=FFP  \\$aY$bBLDSS-3PM
=FIN  \\$aY
=FMT  \\$a  SE
=LAS  \\$aIPL-CLA$b00$c20221231$lBLL01$h1438
=LEO  \\$aMP1.0001912601
=LEO  \\$aMP10.0000295921
=LEO  \\$aMP22.0000001049
=SRC  \\$aBLS01$bbibmp1.200404.2.ac
=SRC  \\$aISN01$bbibmp22.200404.2.aa
=SRC  \\$aDSS01$bbibmp10.200404.2.aa
=TCO  \\$aCLA$bCLA$c008
=TOC  \\$aETOC

