=LDR  05524cas a2201165 a 4500
=001  009863319
=003  Uk
=005  20221231143811.0
=007  ta
=008  770419c19729999enkbr\p\\\\\\\0\\\a0eng\\
=019  c\$a2366190
=022  0\$a0307-1847
=040  \\$aUk$beng$cUk$dUk
=042  \\$aukblsr
=082  04$a355.005$222
=210  0\$aRUSI$b(j.)
=222  \0$aRUSI$b(journal)
=245  00$aRUSI.
=246  3\$aRoyal United Services Institute (journal)
=246  1\$iMinor title change:$aRUSI journal$f1988-
=260  \\$aLondon :$bRoyal United Services Institute for Defence Studies,$c1972-
=264  31$aAbingdon :$bon behalf of RUSI by Routledge Journals, an imprint of Taylor and Francis
=300  \\$av. :$bill. ;$c30 cm.
=310  \\$aBimonthly
=336  \\$atext$2rdacontent
=337  \\$aunmediated$2rdamedia
=338  \\$avolume$2rdacarrier
=362  0\$aVol. 117, no. 665 (Mar. 1972)-v. 117, no. 666 (June 1972); v. 117, no. 3 (Sept. 1972)-
=540  \\$aCurrent copyright fee: GBP37.00$c2\0$5Uk
=588  \\$aLatest issue consulted: volume 159, number 1 (February/March 2014).
=595  \\$aFORMERLY 8052.647 UP TO VOL. 132, 1987 AND 4867.45 UP TO VOL. 116//NO. 664, 1971 SEE ALSO 4867.5 FOR H&SS HOLDINGS SEE ALSO CARD INDEX.
=650  \0$aMilitary art and science$vPeriodicals.
=650  \0$aNaval art and science$vPeriodicals.
=710  2\$aRoyal United Services Institute for Defence and Security Studies.
=776  0\$tRUSI journal (Online)$x1744-0378
=780  00$tJournal of the Royal United Services Institute for Defence Studies$x0953-3559
=852  41$aBritish Library$bHMNTS$jP.P.4029.ab.$3Vol. 117, no. 665 (Mar. 1972)-v. 160, no. 6 (Dec. 2015)***title now taken as electronic copy only
=852  41$aBritish Library$bDSC$j8052.647530$3Vol. 130, no. 1 (1985)-v. 153, no. 6 (2008)***UKRR Retained Title
=856  \\$31850-9999$uhttp://www.tandfonline.com/$xBLDSS
=945  \\$aRUSI journal
=959  \\$fHeld but not currently received
=963  \\$aSPRING 1988- *A=1$bN$cP422.B.1
=985  \\$aISSN responsibility taken by United States ISSN Center (multinational publisher agreement), April 16 2014.
=ACF  \\$aPrevious copyright fee: GBP17.00$c2\0$e01-jan-2010$fGBP17.00$g0$hP$5Uk
=ACF  \\$aPrevious copyright fee: GBP16.00$c2\0$e01-jan-2009$fGBP16.00$g0$hP$5Uk
=ACF  \\$aPrevious copyright fee: GBP15.00$c2\0$e01-apr-2008$fGBP15.00$g0$hP$5Uk
=ACF  \\$aPrevious Copyright Fee: GBP16.00$c2\0$e07-sep-2007$fGBP16.00$g0$hP$5Uk
=ACF  \\$aPrevious Copyright Fee: GBP5.00$c0$e01-jul-2002$fGBP5.00$g0$hC$5Uk
=ACF  \\$aCurrent copyright fee: GBP2.50$c0$e01-jul-1998$fGBP2.50$g0$hC$5Uk
=ACF  \\$aCurrent copyright fee: GBP2.30$c0$e01-apr-1997$fGBP2.30$g0$hC$5Uk
=ACF  \\$aPrevious copyright fee: GBP21.00$c2\0$e01-jan-2011$fGBP21.00$g0$hP$5Uk
=ACF  \\$aPrevious copyright fee: GBP23.00$c2\0$e01-jan-2012$fGBP23.00$g0$hP$5Uk
=ACF  \\$aPrevious copyright fee: GBP23.50$c2\0$e01-jan-2013$fGBP23.50$g0$hP$5Uk
=ACF  \\$aPrevious copyright fee: GBP24.00$c2\0$e01-jan-2014$fGBP24.00$g0$hP$5Uk
=ACF  \\$aPrevious copyright fee: GBP25.00$c2\0$e01-jan-2015$fGBP25.00$g0$hP$5Uk
=ACF  \\$aPrevious copyright fee: GBP26.00$c2\0$e01-jan-2016$fGBP26.00$g0$hP$5Uk
=ACF  \\$aPrevious copyright fee: GBP28.00$c2\0$e01-jan-2017$fGBP28.00$g0$hP$5Uk
=ACF  \\$aPrevious copyright fee: GBP30.00$c2\0$e01-jan-2018$fGBP30.00$g0$hP$5Uk
=ACF  \\$aPrevious copyright fee: GBP32.00$c2\0$e01-jan-2019$fGBP32.00$g0$hP$5Uk
=ACF  \\$aPrevious copyright fee: GBP34.00$c2\0$e01-jan-2020$fGBP34.00$g0$hP$5Uk
=CAT  \\$aCONV$b00$c20040425$lBLL90$h0710
=CAT  \\$aWR13.005$c20130323$lBLL01$h1356
=CAT  \\$aBATCH-UPD$b00$c20131119$lBLL01$h1958
=CAT  \\$aIPL-CLA$c20131231$lBLL01$h2043
=CAT  \\$a11205$b40$c20140407$lBLL01$h1626
=CAT  \\$a11313$b40$c20140416$lBLL01$h0917
=CAT  \\$aBATCH-UPD$b40$c20141124$lBLL01$h1800
=CAT  \\$aBLDSS-3PM$b00$c20141130$lBLL01$h1246
=CAT  \\$aIPL-CLA$c20141231$lBLL01$h1645
=CAT  \\$a6550$b40$c20150408$lBLL01$h1604
=CAT  \\$aBATCH-UPD$b40$c20151119$lBLL01$h1541
=CAT  \\$aIPL-CLA$c20151231$lBLL01$h1911
=CAT  \\$aBATCH-UPD$b00$c20160413$lBLL01$h1808
=CAT  \\$aBATCH-UPD$b00$c20161122$lBLL01$h1510
=CAT  \\$aBATCH-UPD$b00$c20161122$lBLL01$h1600
=CAT  \\$aIPL-CLA$c20161230$lBLL01$h1922
=CAT  \\$aBATCH-UPD$b00$c20171121$lBLL01$h1645
=CAT  \\$aIPL-CLA$c20171231$lBLL01$h1454
=CAT  \\$aBATCH-UPD$b00$c20181217$lBLL01$h1636
=CAT  \\$aIPL-CLA$c20181231$lBLL01$h1535
=CAT  \\$aBATCH-UPD$b00$c20191122$lBLL01$h1858
=CAT  \\$aIPL-CLA$c20191231$lBLL01$h1812
=CAT  \\$aBATCH-UPD$b00$c20201118$lBLL01$h1332
=CAT  \\$aIPL-CLA$c20201231$lBLL01$h1522
=CAT  \\$aBATCH-UPD$b00$c20221121$lBLL01$h1345
=CAT  \\$aIPL-CLA$c20221231$lBLL01$h1438
=CFI  0\$aCurrent copyright fee: GBP37.00$c2\0$e01-jan-2023$fGBP37.00$g0$hP$5Uk
=CFI  2\$aPrevious copyright fee: GBP35.00$c2\0$e01-jan-2021$fGBP35.00$g0$hP$5Uk
=EST  \\$a2
=FFP  \\$aY$bBLDSS-3PM
=FIN  \\$aY
=FMT  \\$a  SE
=LAS  \\$aIPL-CLA$b00$c20221231$lBLL01$h1438
=LEO  \\$aMP22.0000019912
=LEO  \\$aMP10.0000517145
=LKR  \\$aPAR$b012908637$lBLL01$r776$mRUSI (journal)$nRUSI journal [electronic resource].
=SRC  \\$aISN01$bbibmp22.200404.2.aa
=SRC  \\$aDSS01$bbibmp10.200404.2.aa
=TCO  \\$aCLA$bCLA$c008
=TOC  \\$aETOC

