=LDR  06118cas a2201357 a 4500
=001  009865530
=003  Uk
=005  20230511162657.0
=007  ta
=008  040410c19979999xxuqr\p\\\\\\\0\\\a0eng\\
=015  \\$aGB9755452$2bnb
=019  c\$a2538506
=019  y\$ab9755452
=019  9\$ab9755452
=019  0\$as631416005
=022  0\$a1357-714X
=039  0\$a2455
=040  \\$aUk$cUk$dUk
=082  04$a616.994$221
=084  \\$aGT 820$2blsrissc
=210  0\$aSarcoma$b(Abingdon, Print)
=222  \0$aSarcoma$b(Abingdon. Print)
=245  00$aSarcoma.
=260  \\$aAbingdon :$bCarfax,$c1997-
=260  3\$32006-$aNew York :$bHindawi Publishing Corporation
=300  \\$av. :$bill. ;$c30 cm.
=310  \\$aQuarterly
=336  \\$atext$2rdacontent
=337  \\$aunmediated$2rdamedia
=338  \\$avolume$2rdacarrier
=362  0\$aVol. 1, no. 1 (Mar. 1997)-
=540  \\$aCurrent copyright fee: zero$c0$5Uk
=650  \0$aSarcoma$vPeriodicals.
=776  0\$tSarcoma$c(Abingdon. Online)$x1369-1643
=852  41$aBritish Library$bDSC$j8076.026000$3Vol. 1 (1997)-special issue 3 (2011)
=852  71$aBritish Library$bSTI$k(P)$hGT 820$m-E(2)$2blsrissc$3Vol.1 (1997)- v.9 (2005).
=945  \\$aSarcoma -Abingdon then New York-
=957  \\$a970430c
=959  \\$fHeld but not currently received
=963  \\$aCA/M-7 VOL. 1, 1997- *A=1$bN
=985  \\$aRecord merged by DQ team.
=985  \\$aResponsibility for ISSN transferred to NSDP from ISSN UK Centre, 15.03.07
=A02  \\$a2538506
=ACF  \\$aBritish Library not licensed to copy$c0$e01-apr-2014$hC$iCFP Excluded$5Uk
=ACF  \\$aPrevious Copyright Fee: GBP58.75$c0$e01-apr-2010$fGBP58.75$g0$hC$5Uk
=ACF  \\$aPrevious Copyright Fee: GBP58.75$c0$e01-Jan-2010$fGBP58.75$g0$hC$5Uk
=ACF  \\$aPrevious Copyright Fee: GBP29.37$c0$e01-oct-2009$fGBP29.37$g0$hC$5Uk
=ACF  \\$aPrevious Copyright Fee: GBP21.28$c0$e01-jul-2009$fGBP21.28$g0$hC$5Uk
=ACF  \\$aPrevious Copyright Fee: GBP21.28$c0$e01-apr-2009$fGBP21.28$g0$hC$5Uk
=ACF  \\$aPrevious Copyright Fee: GBP18.00$c0$e01-jan-2009$fGBP18.00$g0$hC$5Uk
=ACF  \\$aBritish Library not licensed to copy$c0$e01-oct-2008$hC$iCLA Excluded$5Uk
=ACF  \\$aPrevious Copyright Fee: GBP18.00$c0$e01-jul-2008$fGBP18.00$g0$hC$5Uk
=ACF  \\$aPrevious Copyright Fee: GBP18.00$c0$e01-apr-2008$fGBP18.00$g0$hC$5Uk
=ACF  \\$aPrevious Copyright Fee: GBP18.00$c0$e01-jan-2008$fGBP18.00$g0$hC$5Uk
=ACF  \\$aPrevious Copyright Fee: GBP18.00$c0$e01-oct-2007$fGBP18.00$g0$hC$5Uk
=ACF  \\$aPrevious Copyright Fee: GBP18.00$c0$e01-jul-2007$fGBP18.00$g0$hC$5Uk
=ACF  \\$aPrevious Copyright Fee: GBP18.00$c0$e01-apr-2007$fGBP18.00$g0$hC$5Uk
=ACF  \\$aPrevious Copyright Fee: GBP18.00$c0$e01-jan-2007$fGBP18.00$g0$hC$5Uk
=ACF  \\$aPrevious Copyright Fee: GBP5.00$c0$e07-nov-2006$fGBP5.00$g0$hA$5Uk
=ACF  \\$aCurrent Copyright Fee: GBP18.00$c0$e01-oct-2006$fGBP18.00$g0$hC$5Uk
=ACF  \\$aPrevious Copyright Fee: GBP18.00$c0$e01-jul-2006$fGBP18.00$g0$hC$5Uk
=ACF  \\$aPrevious Copyright Fee: GBP18.00$c0$e01-apr-2006$fGBP18.00$g0$hC$5Uk
=ACF  \\$aPrevious copyright fee: GBP5.00$c0$e01-jan-2006$fGBP5.00$g0$hA$5Uk
=ACF  \\$aPrevious copyright fee: GBP18.00$c1\0$e01-jan-2005$fGBP18.00$g0$hP$5Uk
=ACF  \\$aPrevious copyright fee: GBP15.00$c1\0$e01-jan-2004$fGBP15.00$g0$hP$5Uk
=ACF  \\$aCurrent copyright fee: GBP13.00$c1\0$e01-apr-2002$fGBP13.00$g0$hP$5Uk
=ACF  \\$aCurrent copyright fee: GBP12.00$c1\0$e01-jan-2000$fGBP12.00$g0$hP$5Uk
=ACF  \\$aPrevious copyright fee: GBP10.50$c0$e01-jan-2011$fGBP10.50$g0$hA$5Uk
=ACF  \\$aBritish Library not licensed to copy$c0$e07-sep-2011$hC$iTX$5Uk
=ACF  \\$aBritish Library not licensed to copy$c0$e01-jan-2013$hC$iCFP Excluded$5Uk
=ACF  \\$aBritish Library not licensed to copy$c0$e01-apr-2013$hC$iCFP Excluded$5Uk
=ACF  \\$aBritish Library not licensed to copy$c0$e01-jul-2013$hC$iCFP Excluded$5Uk
=ACF  \\$aBritish Library not licensed to copy$c0$e01-oct-2013$hC$iCFP Excluded$5Uk
=ACF  \\$aBritish Library not licensed to copy$c0$e01-jan-2014$hC$iCFP Excluded$5Uk
=CAT  \\$aCONV$b00$c20040425$lBLL90$h0710
=CAT  \\$aIPL-CLA$c20101231$lBLL01$h1323
=CAT  \\$aCDS12-UPD$b40$c20110711$lBLL01$h1851
=CAT  \\$aBATCH-UPD$b40$c20110907$lBLL01$h1809
=CAT  \\$aIPL-CLA$c20110908$lBLL01$h1724
=CAT  \\$aBATCH-CLA$b00$c20121105$lBLL01$h1752
=CAT  \\$aBATCH-CLA$b00$c20121130$lBLL01$h1241
=CAT  \\$aWR12_168$c20121206$lBLL01$h1811
=CAT  \\$aIPL-CLA$c20121231$lBLL01$h1254
=CAT  \\$aIPL-CLA$c20130102$lBLL01$h1701
=CAT  \\$aBATCH-CLA$b00$c20130228$lBLL01$h1711
=CAT  \\$aWR13.005$c20130323$lBLL01$h1357
=CAT  \\$aIPL-CLA$c20130331$lBLL01$h1047
=CAT  \\$a540_fix$c20130403$lBLL01$h2007
=CAT  \\$aBATCH-CLA$b00$c20130531$lBLL01$h1646
=CAT  \\$aIPL-CLA$c20130701$lBLL01$h0020
=CAT  \\$aBATCH-CLA$b00$c20130830$lBLL01$h1629
=CAT  \\$aIPL-CLA$c20130930$lBLL01$h1728
=CAT  \\$aBATCH-CLA$b00$c20131129$lBLL01$h1657
=CAT  \\$aIPL-CLA$c20131231$lBLL01$h2045
=CAT  \\$aBATCH-CLA$b00$c20140228$lBLL01$h1617
=CAT  \\$aIPL-CLA$c20140331$lBLL01$h1620
=CAT  \\$aBATCH-CLA$b00$c20140530$lBLL01$h1713
=CAT  \\$aIPL-CLA$c20140630$lBLL01$h1706
=CAT  \\$aWR14_140$c20140905$lBLL01$h1736
=CAT  \\$a5552$b40$c20190612$lBLL01$h1349
=CAT  \\$aBATCH-FIX$c20230511$lBLL01$h1626
=CFI  0\$aCurrent copyright fee: zero$c0$e12-jun-2019$fGBP0.00$g0$hZ$5Uk
=CFI  2\$aBritish Library not licensed to copy$c0$e01-jul-2014$hC$iCFP Excluded$5Uk
=FIN  \\$aY
=FMT  \\$a  SE
=LAS  \\$aBATCH-FIX$b00$c20230511$lBLL01$h1626
=LEO  \\$aMP5.0000843181
=LEO  \\$aMP22.0000046172
=LEO  \\$aMP25.0000316296
=LEO  \\$aMP10.0000520346
=SRC  \\$aBNB03$bbibmp5.200404.2.ab
=SRC  \\$aISN01$bbibmp22.200404.2.aa
=SRC  \\$aSRI01$bbibmp25.200404.2.aa
=SRC  \\$aDSS01$bbibmp10.200404.2.aa
=TCO  \\$aTRS$bCCC$c008
=TOC  \\$aETOC

