=LDR  06329cas a2201321 a 4500
=001  009866314
=003  Uk
=005  20230930080329.0
=007  ta
=008  810609c19499999enkbx\p\\\\\\\0\\\a0eng\\
=019  c\$a2152121
=019  1\$ar6072145
=019  0\$as224504002
=022  0\$a0036-5513
=040  \\$aUk$cUk$dUk
=082  04$a616.07$221
=084  \\$aER 00$2blsrissc
=210  0\$aScand. j. clin. lab. invest
=222  \0$aScandinavian journal of clinical & laboratory investigation
=245  00$aScandinavian journal of clinical & laboratory investigation.
=246  3\$aScandinavian journal of clinical and laboratory investigation
=246  30$aJournal of clinical and laboratory investigation
=260  \\$aOslo :$bUniversitetsforlaget,$c1949-
=260  2\$aOxford :$bBlackwell Scientific
=260  3\$a[London] :$bInforma Healthcare
=300  \\$av. :$bill. ;$c25 cm.
=310  \\$aEight issues yearly,$b<1990>-
=321  \\$aBimonthly
=336  \\$atext$2rdacontent
=337  \\$aunmediated$2rdamedia
=338  \\$avolume$2rdacarrier
=362  0\$aVol. 1 (1949)-
=540  \\$aCurrent copyright fee: GBP46.00$c2\0$5Uk
=550  \\$aEdited by: Scandinavian Society for Clinical Chemistry and Clinical Physiology, <June 1980->; Scandinavian Society for Clinical Chemistry, <Nov. 1989->.
=650  \0$aClinical biochemistry$vPeriodicals.
=650  \0$aPhysiology, Pathological$vPeriodicals.
=650  \0$aPhysiology, Experimental$vPeriodicals.
=650  \0$aMedicine$xResearch$vPeriodicals.
=650  \0$aClinical medicine$vPeriodicals.
=710  2\$aScandinavian Society for Clinical Chemistry and Clinical Physiology.
=710  2\$aScandinavian Society for Clinical Chemistry.
=770  0\$tScandinavian journal of clinical & laboratory investigation. Supplement$x0085-591X
=776  0\$tScandinavian journal of clinical and laboratory investigation (Online)$x1502-7686
=785  01$tClinical physiology (Oxford, England)$x0144-5979
=852  41$aBritish Library$bHMNTS$jP.321/744$3Vol. 37, no. 1 (Feb. 1977)-v. 73, no. 7 (2013)***title now taken as electronic copy only
=852  41$aBritish Library$bDSC$j8087.500000$3Vol. 1 (1949)-v. 72, no. 8 (2012)***UKRR Retained Title***Stock Incomplete
=852  71$aBritish Library$bSTI$k(P)$hER 00$m-E(35)$2blsrissc$3Vol. 1 (1949)-v. 66, no. 8 (2006)***UKRR Retained Title
=856  \\$31850-9999$uhttp://informahealthcare.com$xBLDSS
=945  \\$aSCANDINAVIAN JOURNAL OF CLINICAL AND LABORATORY INVESTIGATION
=959  \\$fHeld but not currently received
=963  \\$aVOL. 37, 1977- *A=1$bY$cP305.C.202
=985  \\$aRecord merged by DQ team
=985  \\$aResponsibility for ISSN transferred from UK Centre to U.S. Center, 14/12/11.
=A02  \\$a2152121
=ACF  \\$aPrevious copyright fee: GBP15.00$c15\0$e01-apr-2008$fGBP15.00$g0$hP$5Uk
=ACF  \\$aPrevious copyright fee: GBP16.00$c15\0$e01-jan-2007$fGBP16.00$g0$hP$5Uk
=ACF  \\$aPrevious copyright fee: GBP13.00$c15\0$e01-jan-2005$fGBP13.00$g0$hP$5Uk
=ACF  \\$aPrevious copyright fee: GBP11.88$c15\0$e01-jan-2003$fGBP11.88$g0$hP$5Uk
=ACF  \\$aCurrent copyright fee: GBP12.25$c15\0$e01-oct-2002$fGBP12.25$g0$hP$5Uk
=ACF  \\$aCurrent copyright fee: GBP13.11$c15\0$e01-jan-2001$fGBP13.11$g0$hP$5Uk
=ACF  \\$aCurrent copyright fee: GBP16.00$c15\0$e01-jan-2009$fGBP16.00$g0$hP$5Uk
=ACF  \\$aPrevious copyright fee: GBP57.00$c45\0$e10-nov-2009$fGBP57.00$g0$hP$5Uk
=ACF  \\$aPrevious copyright fee: GBP34.00$c45\0$e01-apr-2014$fGBP34.00$g0$hP$5Uk
=ACF  \\$aPrevious copyright fee: GBP33.00$c45\0$e01-apr-2015$fGBP29.00$g0$hP$5Uk
=ACF  \\$aPrevious copyright fee: GBP34.00$c45\0$e01-jan-2016$fGBP34.00$g0$hP$5Uk
=ACF  \\$aPrevious copyright fee: GBP36.00$c45\0$e01-jan-2017$fGBP36.00$g0$hP$5Uk
=ACF  \\$aPrevious copyright fee: GBP38.00$c45\0$e01-jan-2018$fGBP38.00$g0$hP$5Uk
=ACF  \\$aPrevious copyright fee: GBP40.00$c45\0$e01-jan-2019$fGBP40.00$g0$hP$5Uk
=ACF  \\$aPrevious copyright fee: GBP44.00$c45\0$e26-jan-2021$fGBP44.00$g0$hP$5Uk
=CAT  \\$aCONV$b00$c20040425$lBLL90$h0710
=CAT  \\$aBATCH-UPD$b00$c20121125$lBLL01$h1434
=CAT  \\$aWR12_168$c20121206$lBLL01$h1811
=CAT  \\$aWR13.005$c20130323$lBLL01$h1357
=CAT  \\$a5552$b40$c20140219$lBLL01$h1444
=CAT  \\$aIPL-CLA$c20140331$lBLL01$h1620
=CAT  \\$aBLDSS-3PM$b00$c20141121$lBLL01$h1801
=CAT  \\$a5552$b40$c20150209$lBLL01$h1606
=CAT  \\$aIPL-CLA$c20150331$lBLL01$h1623
=CAT  \\$aBATCH-UPD$b00$c20151119$lBLL01$h1559
=CAT  \\$aIPL-CLA$c20151231$lBLL01$h1911
=CAT  \\$aBATCH-UPD$b00$c20160413$lBLL01$h1808
=CAT  \\$aBATCH-UPD$b00$c20160524$lBLL01$h2148
=CAT  \\$aBATCH-UPD$b00$c20160524$lBLL01$h2155
=CAT  \\$aBATCH-UPD$b00$c20161122$lBLL01$h1537
=CAT  \\$aIPL-CLA$c20161230$lBLL01$h1923
=CAT  \\$aBATCH-UPD$b00$c20171121$lBLL01$h1717
=CAT  \\$aIPL-CLA$c20171231$lBLL01$h1455
=CAT  \\$aBATCH-UPD$b00$c20181217$lBLL01$h1705
=CAT  \\$aIPL-CLA$c20181231$lBLL01$h1535
=CAT  \\$aBATCH-UPD$b00$c20210126$lBLL01$h1322
=CAT  \\$aIPL-CLA$c20210126$lBLL01$h1447
=CAT  \\$aBATCH-UPD$b00$c20221121$lBLL01$h1423
=CAT  \\$aIPL-CLA$c20221231$lBLL01$h1438
=CAT  \\$aR2308-1440$c20230824$lBLL01$h0926
=CAT  \\$aIPL-CLA$c20230930$lBLL01$h0803
=CFI  0\$aCurrent copyright fee: GBP46.00$c2\0$e01-oct-2023$fGBP46.00$g0$hP$5Uk
=CFI  2\$aPrevious copyright fee: GBP46.00$c45\0$e01-jan-2023$fGBP46.00$g0$hP$5Uk
=FFP  \\$aY$bBLDSS-3PM
=FIN  \\$aY
=FMT  \\$a  SE
=LAS  \\$aIPL-CLA$b00$c20230930$lBLL01$h0803
=LEO  \\$aMP25.0000086804
=LEO  \\$aMP13.0000887026
=LEO  \\$aMP22.0000001917
=LEO  \\$aMP10.0000521457
=LKR  \\$aPAR$b013362036$lBLL01$r776$mScandinavian journal of clinical & laboratory investigation (Print)$nScandinavian journal of clinical and laboratory investigation (Online)
=LKR  \\$aPAR$b010999120$lBLL01$nClinical physiology$mScandinavian journal of clinical & laboratory investigation$r78500
=SRC  \\$aSRI01$bbibmp25.200404.2.aa
=SRC  \\$aHSS01$bbibmp13.200404.2.ab
=SRC  \\$aISN01$bbibmp22.200404.2.aa
=SRC  \\$aDSS01$bbibmp10.200404.2.aa
=TCO  \\$aCLA$bCLA$c008
=TOC  \\$aETOC

