=LDR  06241cas a2201285 a 4500
=001  009866315
=003  Uk
=005  20230930080329.0
=007  ta
=008  880906c19519999xxkux\p\\\\\\\0\\\a0eng\\
=019  c\$a2152122
=019  0\$as224505009
=022  0\$a0085-591X
=040  \\$aUk$cUk$dUk
=082  04$a616.07
=210  0\$aScand. j. clin. lab. invest., Suppl.
=222  \0$aScandinavian journal of clinical & laboratory investigation. Supplement
=245  00$aScandinavian journal of clinical & laboratory investigation.$nSupplement.
=246  00$aScandinavian journal of clinical and laboratory investigation. Supplement
=246  03$aScandinavian journal of clinical & laboratory investigation. Supplementum
=260  \\$aOslo :$bTaylor & Francis
=260  3\$a[S.l.] :$bInforma Healthcare
=300  \\$av. :$bill. ;$c25 cm.
=310  \\$aIrregular
=336  \\$atext$2rdacontent
=337  \\$aunmediated$2rdamedia
=338  \\$avolume$2rdacarrier
=362  1\$aBegan with no. 1 in 1951.
=500  \\$aDescription based on surrogate of: 5, published in 1953.
=500  \\$aIssues for <1978-> have title: The Scandinavian journal of clinical & laboratory investigation. Supplement.
=500  \\$aPlace of publication varies.
=510  2\$aBiological abstracts$x0006-3169
=510  2\$aChemical abstracts$x0009-2258
=510  2\$aEnergy research abstracts$x0160-3604
=510  2\$aIndex medicus$x0019-3879
=510  2\$aLife sciences collection
=530  \\$aAlso issued online.
=540  \\$aCurrent copyright fee: GBP46.00$c2\0$5Uk
=550  \\$aVols. for <1978-> edited by The Scandinavian Society for Clinical Chemistry and Clinical Physiology,; vols. for <1991-> edited by the Scandinavian Society for Clinical Chemistry. Published for Medisinsk Fysiologisk Forenings Forlag, Oslo by Blackwell Scientific Publications.
=595  \\$aSEE ALSO CARD INDEX.
=650  \0$aClinical medicine$vPeriodicals.
=710  2\$aScandinavian Society for Clinical Chemistry and Clinical Physiology.
=710  2\$aScandinavian Society for Clinical Chemistry.
=772  0\$tScandinavian journal of clinical & laboratory investigation$x0036-5513
=852  41$aBritish Library$bDSC$j8087.505000$3No. 4 (1952)-v. 70, no. 242 (2010)***UKRR Retained Title***Stock Incomplete
=852  71$aBritish Library$bSTI$k(P)$hER 00$m-E(36)$2blsrissc$31 (1951) - 240 (2005)***UKRR Retained Title
=852  41$aBritish Library$bHMNTS$jP.321/744
=852  71$aBritish Library$bSTI$k(P)$hER 00$m-E(36)$2blsrissc$31951- ; Set incomplete
=856  \\$31850-9999$uhttp://informahealthcare.com$xBLDSS
=945  \\$aSCANDINAVIAN JOURNAL OF CLINICAL AND LABORATORY INVESTIGATION SUPPLEMENTUM.
=959  \\$fHeld but not currently received
=985  \\$aCorrected by BSS-generated file
=985  \\$aResponsibility for ISSN transferred to US ISSN Center from ISSN UK Centre, 14/12/11
=A02  \\$a2152122
=ACF  \\$aPrevious copyright fee: GBP15.00$c15\0$e01-apr-2008$fGBP15.00$g0$hP$5Uk
=ACF  \\$aPrevious copyright fee: GBP16.00$c15\0$e01-jan-2007$fGBP16.00$g0$hP$5Uk
=ACF  \\$aPrevious copyright fee: GBP13.00$c15\0$e01-jan-2005$fGBP13.00$g0$hP$5Uk
=ACF  \\$aPrevious copyright fee: GBP11.88$c15\0$e01-jan-2003$fGBP11.88$g0$hP$5Uk
=ACF  \\$aCurrent copyright fee: GBP12.25$c15\0$e01-oct-2002$fGBP12.25$g0$hP$5Uk
=ACF  \\$aCurrent copyright fee: GBP13.11$c15\0$e01-jan-2001$fGBP13.11$g0$hP$5Uk
=ACF  \\$aCurrent copyright fee: GBP16.00$c15\0$e01-jan-2009$fGBP16.00$g0$hP$5Uk
=ACF  \\$aPrevious copyright fee: GBP57.00$c45\0$e10-nov-2009$fGBP57.00$g0$hP$5Uk
=ACF  \\$aPrevious copyright fee: GBP34.00$c45\0$e01-apr-2014$fGBP34.00$g0$hP$5Uk
=ACF  \\$aPrevious copyright fee: GBP33.00$c45\0$e01-apr-2015$fGBP29.00$g0$hP$5Uk
=ACF  \\$aPrevious copyright fee: GBP34.00$c45\0$e01-jan-2016$fGBP34.00$g0$hP$5Uk
=ACF  \\$aPrevious copyright fee: GBP36.00$c45\0$e01-jan-2017$fGBP36.00$g0$hP$5Uk
=ACF  \\$aPrevious copyright fee: GBP38.00$c45\0$e01-jan-2018$fGBP38.00$g0$hP$5Uk
=ACF  \\$aPrevious copyright fee: GBP40.00$c45\0$e01-jan-2019$fGBP40.00$g0$hP$5Uk
=ACF  \\$aPrevious copyright fee: GBP44.00$c45\0$e26-jan-2021$fGBP44.00$g0$hP$5Uk
=CAT  \\$aCONV$b00$c20040425$lBLL90$h0710
=CAT  \\$a10806$b40$c20111214$lBLL01$h1115
=CAT  \\$aBATCH-CLA$b00$c20121105$lBLL01$h1752
=CAT  \\$aBATCH-UPD$b00$c20121125$lBLL01$h1434
=CAT  \\$aWR13.005$c20130323$lBLL01$h1357
=CAT  \\$a5552$b40$c20140219$lBLL01$h1444
=CAT  \\$aIPL-CLA$c20140331$lBLL01$h1620
=CAT  \\$aBLDSS-3PM$b00$c20141121$lBLL01$h1801
=CAT  \\$a5552$b40$c20150209$lBLL01$h1606
=CAT  \\$aIPL-CLA$c20150331$lBLL01$h1623
=CAT  \\$aBATCH-UPD$b00$c20151119$lBLL01$h1559
=CAT  \\$aIPL-CLA$c20151231$lBLL01$h1911
=CAT  \\$aBATCH-UPD$b00$c20160524$lBLL01$h2148
=CAT  \\$aBATCH-UPD$b00$c20160524$lBLL01$h2155
=CAT  \\$aBATCH-UPD$b00$c20161122$lBLL01$h1537
=CAT  \\$aIPL-CLA$c20161230$lBLL01$h1923
=CAT  \\$aBATCH-UPD$b00$c20171121$lBLL01$h1717
=CAT  \\$aIPL-CLA$c20171231$lBLL01$h1455
=CAT  \\$aBATCH-UPD$b00$c20181217$lBLL01$h1705
=CAT  \\$aIPL-CLA$c20181231$lBLL01$h1535
=CAT  \\$aBATCH-UPD$b00$c20210126$lBLL01$h1322
=CAT  \\$aIPL-CLA$c20210126$lBLL01$h1447
=CAT  \\$aBATCH-UPD$b00$c20221121$lBLL01$h1423
=CAT  \\$aIPL-CLA$c20221231$lBLL01$h1438
=CAT  \\$aR2308-1440$c20230824$lBLL01$h0926
=CAT  \\$aIPL-CLA$c20230930$lBLL01$h0803
=CFI  0\$aCurrent copyright fee: GBP46.00$c2\0$e01-oct-2023$fGBP46.00$g0$hP$5Uk
=CFI  2\$aPrevious copyright fee: GBP46.00$c45\0$e01-jan-2023$fGBP46.00$g0$hP$5Uk
=FFP  \\$aY$bBLDSS-3PM
=FIN  \\$aY
=FMT  \\$a  SE
=LAS  \\$aIPL-CLA$b00$c20230930$lBLL01$h0803
=LEO  \\$aMP25.0000086805
=LEO  \\$aMP22.0000003191
=LEO  \\$aMP10.0000521458
=LKR  \\$aPAR$b009866314$lBLL01$nScandinavian journal of clinical & laborator$mScandinavian journal of clinical & laborator$r772
=SRC  \\$aSRI01$bbibmp25.200404.2.aa
=SRC  \\$aISN01$bbibmp22.200404.2.aa
=SRC  \\$aDSS01$bbibmp10.200404.2.aa
=TCO  \\$aCLA$bCLA$c008
=TOC  \\$aETOC

