=LDR  05591cas a2201273 a 4500
=001  009878005
=003  Uk
=005  20221231143824.0
=007  ta
=008  901128c19909999enkqn\p\\\\\\\0\\\a0eng\\
=015  \\$aGB9052037$2bnb
=019  y\$ab9052037
=019  9\$ab9052037
=019  1\$ab9052037
=019  c\$a2407033
=022  0\$a0959-2318
=039  0\$a2117
=040  \\$aUk$beng$cUk$dUk
=042  \\$aukblsr
=050  00$aU27
=082  04$a355.4$220
=210  0\$aSmall wars insur.
=222  \0$aSmall wars & insurgencies
=245  00$aSmall wars & insurgencies.
=246  3\$aSmall wars and insurgencies
=260  \\$aLondon :$bCass,$c1990-
=264  31$aAbingdon :$bTaylor & Francis, an Informa business
=300  \\$av. ;$c22 cm.
=310  \\$aFive issues yearly
=321  \\$aThree issues yearly
=336  \\$atext$2rdacontent
=337  \\$aunmediated$2rdamedia
=338  \\$avolume$2rdacarrier
=362  0\$aVol. 1, no. 1 (Apr. 1990)-
=540  \\$aCurrent copyright fee: GBP37.00$c2\0$5Uk
=588  \\$aLatest issue consulted: volume 24, number 3 (July 2013).
=650  \0$aMilitary history$vPeriodicals.
=776  0\$tSmall wars & insurgencies (Online)$x1743-9558
=780  05$tLow intensity conflict and law enforcement$x0966-2847
=852  41$aBritish Library$bHMNTS$jZC.9.a.2393$3Vol. 1, no. 1 (Apr. 1990)-vol. 26, no. 6(2015:Dec)***title now taken as electronic copy only
=852  41$aBritish Library$bDSC$j8310.169100$3Vol. 1, no. 1 (1990)-v. 22, no. 3 (2011)***UKRR Retained Title
=856  \\$31850-9999$uhttp://www.tandfonline.com/$xBLDSS
=945  \\$aSMALL WARS AND INSURGENCIES.
=959  \\$fHeld but not currently received
=963  \\$aVOL. 1, 1990- *A=1$bN$cL214.C.540
=985  \\$aISSN responsibility taken by US ISSN Center (multinational publisher), September 19 2013.
=A02  \\$a2407033
=ACF  \\$aPrevious copyright fee: GBP17.00$c2\0$e01-jan-2010$fGBP17.00$g0$hP$5Uk
=ACF  \\$aPrevious copyright fee: GBP16.00$c2\0$e01-jan-2009$fGBP16.00$g0$hP$5Uk
=ACF  \\$aPrevious copyright fee: GBP15.00$c2\0$e01-apr-2008$fGBP15.00$g0$hP$5Uk
=ACF  \\$aPrevious copyright fee: GBP16.00$c2\0$e01-jan-2007$fGBP16.00$g0$hP$5Uk
=ACF  \\$aPrevious copyright fee: GBP13.00$c2\0$e01-jan-2005$fGBP13.00$g0$hP$5Uk
=ACF  \\$aPrevious copyright fee: GBP11.00$c2\0$e01-jan-2004$fGBP11.00$g0$hP$5Uk
=ACF  \\$aCurrent copyright fee: GBP5.00$c0$e01-jul-2002$fGBP5.00$g0$hC$5Uk
=ACF  \\$aCurrent copyright fee: GBP0.84$c0$e01-jul-2001$fGBP0.84$g0$hC$5Uk
=ACF  \\$aPrevious copyright fee: GBP21.00$c2\0$e01-jan-2011$fGBP21.00$g0$hP$5Uk
=ACF  \\$aPrevious copyright fee: GBP23.00$c2\0$e01-jan-2012$fGBP23.00$g0$hP$5Uk
=ACF  \\$aPrevious copyright fee: GBP23.50$c2\0$e01-jan-2013$fGBP23.50$g0$hP$5Uk
=ACF  \\$aPrevious copyright fee: GBP24.00$c2\0$e01-jan-2014$fGBP24.00$g0$hP$5Uk
=ACF  \\$aPrevious copyright fee: GBP25.00$c2\0$e01-jan-2015$fGBP25.00$g0$hP$5Uk
=ACF  \\$aPrevious copyright fee: GBP26.00$c2\0$e01-jan-2016$fGBP26.00$g0$hP$5Uk
=ACF  \\$aPrevious copyright fee: GBP28.00$c2\0$e01-jan-2017$fGBP28.00$g0$hP$5Uk
=ACF  \\$aPrevious copyright fee: GBP30.00$c2\0$e01-jan-2018$fGBP30.00$g0$hP$5Uk
=ACF  \\$aPrevious copyright fee: GBP32.00$c2\0$e01-jan-2019$fGBP32.00$g0$hP$5Uk
=ACF  \\$aPrevious copyright fee: GBP34.00$c2\0$e01-jan-2020$fGBP34.00$g0$hP$5Uk
=CAT  \\$aCONV$b00$c20040425$lBLL90$h0710
=CAT  \\$aBATCH-UPD$b40$c20131119$lBLL01$h1958
=CAT  \\$aIPL-CLA$c20131231$lBLL01$h2051
=CAT  \\$aBATCH-CLA$b00$c20140125$lBLL01$h1319
=CAT  \\$aBATCH-CLA$c20140225$lBLL01$h2315
=CAT  \\$aWR14_140$c20140905$lBLL01$h1736
=CAT  \\$aBATCH-UPD$b00$c20141124$lBLL01$h1800
=CAT  \\$aBLDSS-3PM$b00$c20141130$lBLL01$h1246
=CAT  \\$aIPL-CLA$c20141231$lBLL01$h1645
=CAT  \\$aBATCH-UPD$b00$c20151119$lBLL01$h1541
=CAT  \\$a11316$b40$c20151216$lBLL01$h1214
=CAT  \\$aIPL-CLA$c20151231$lBLL01$h1911
=CAT  \\$aBATCH-UPD$b00$c20160413$lBLL01$h1808
=CAT  \\$aBATCH-UPD$b00$c20161122$lBLL01$h1510
=CAT  \\$aBATCH-UPD$b00$c20161122$lBLL01$h1601
=CAT  \\$aIPL-CLA$c20161230$lBLL01$h1927
=CAT  \\$aBATCH-UPD$b00$c20171121$lBLL01$h1645
=CAT  \\$aIPL-CLA$c20171231$lBLL01$h1458
=CAT  \\$aBATCH-UPD$b00$c20181217$lBLL01$h1636
=CAT  \\$aIPL-CLA$c20181231$lBLL01$h1536
=CAT  \\$aBATCH-UPD$b00$c20191122$lBLL01$h1859
=CAT  \\$aIPL-CLA$c20191231$lBLL01$h1815
=CAT  \\$aBATCH-UPD$b00$c20201118$lBLL01$h1332
=CAT  \\$aIPL-CLA$c20201231$lBLL01$h1522
=CAT  \\$aBATCH-UPD$b00$c20221121$lBLL01$h1345
=CAT  \\$aIPL-CLA$c20221231$lBLL01$h1438
=CFI  0\$aCurrent copyright fee: GBP37.00$c2\0$e01-jan-2023$fGBP37.00$g0$hP$5Uk
=CFI  2\$aPrevious copyright fee: GBP35.00$c2\0$e01-jan-2021$fGBP35.00$g0$hP$5Uk
=FFP  \\$aY$bBLDSS-3PM
=FIN  \\$aY
=FMT  \\$a  SE
=LAS  \\$aIPL-CLA$b00$c20221231$lBLL01$h1438
=LEO  \\$aMP10.0000537885
=LEO  \\$aMP5.0000787242
=LEO  \\$aMP13.0000306013
=LEO  \\$aMP22.0000032254
=LKR  \\$aPAR$b012481872$lBLL01$r78005$mSmall wars & insurgencies$nLow intensity conflict and law enforcement
=LKR  \\$aPAR$b013362724$lBLL01$r776$mSmall wars & insurgencies (Print)$nSmall wars & insurgencies (Online)
=SRC  \\$aISN01$bbibmp22.200404.2.aa
=SRC  \\$aBNB03$bbibmp5.200404.2.ab
=SRC  \\$aHSS01$bbibmp13.200404.2.aa
=SRC  \\$aDSS01$bbibmp10.200404.2.aa
=TCO  \\$aCLA$bCLA$c008
=TOC  \\$aETOC

