=LDR  07406 as a22014297a 4500
=001  009880416
=003  Uk
=005  20200331160737.0
=007  ta
=008  830920c19679999xxumr\p|||\\\|0\\\a0eng\\
=019  c\$a2157615
=019  0\$as128540001
=022  0\$a1541-0161$y0038-1810
=040  \\$aUk$cUk$dUk
=082  04$a620.2$221
=084  \\$aSA 00$2blsrissc
=222  \0$aSound and vibration
=245  00$aSound and vibration.
=260  \\$aCleveland, Ohio :$bAcoustical Publications,$c1967-
=300  \\$c28 cm.
=310  \\$aMonthly
=336  \\$atext$2rdacontent
=337  \\$aunmediated$2rdamedia
=338  \\$avolume$2rdacarrier
=540  \\$aCurrent Copyright Fee: GBP1.54$c0$5Uk
=555  \\$aCumulative index.
=595  \\$aSRIS SHARED STOCK.
=852  41$aBritish Library$bDSC$j8330.393000$3Vol. 1, No. 1 (1967)-v. 30, pt. 12 (1996)***UKRR Retained Title
=852  71$aBritish Library$bSTI$k(P)$hSA 00$m-E(2)$2blsrissc$3Vol. 1 (1967)-v. 51, no. 11 (2017)***UKRR Retained Title***Stock incomplete
=945  \\$aSOUND AND VIBRATION.
=959  \\$fHeld but not currently received
=968  \\$aC
=985  \\$aRecord merged by DQ team
=985  \\$aISSN Centre note: ISSN are under US Center responsibility and the title changes do not match this BL collection record. ISSN 1541-0161 is the correct ISSN for the current title: Sound and vibration. ISSN 0038-1810 is valid for issues published between 1967-1991 with title 'SV. Sound and vibration' - SF 27/11/2012.
=A02  \\$a2157615
=ACF  \\$aPrevious Copyright Fee: GBP1.29$c0$e01-apr-2012$fGBP1.29$g0$hC$5Uk
=ACF  \\$aPrevious Copyright Fee: GBP1.20$c0$e01-jan-2012$fGBP1.20$g0$hC$5Uk
=ACF  \\$aPrevious Copyright Fee: GBP1.20$c0$e01-oct-2011$fGBP1.20$g0$hC$5Uk
=ACF  \\$aPrevious Copyright Fee: GBP1.20$c0$e01-jul-2011$fGBP1.20$g0$hC$5Uk
=ACF  \\$aPrevious Copyright Fee: GBP1.20$c0$e01-apr-2011$fGBP1.20$g0$hC$5Uk
=ACF  \\$aPrevious Copyright Fee: GBP1.20$c0$e01-jan-2011$fGBP1.20$g0$hC$5Uk
=ACF  \\$aPrevious Copyright Fee: GBP1.20$c0$e01-oct-2010$fGBP1.20$g0$hC$5Uk
=ACF  \\$aPrevious Copyright Fee: GBP1.20$c0$e01-jul-2010$fGBP1.20$g0$hC$5Uk
=ACF  \\$aPrevious Copyright Fee: GBP1.20$c0$e01-apr-2010$fGBP1.20$g0$hC$5Uk
=ACF  \\$aPrevious Copyright Fee: GBP1.20$c0$e01-Jan-2010$fGBP1.20$g0$hC$5Uk
=ACF  \\$aPrevious Copyright Fee: GBP1.20$c0$e01-oct-2009$fGBP1.20$g0$hC$5Uk
=ACF  \\$aPrevious Copyright Fee: GBP1.43$c0$e01-jul-2009$fGBP1.43$g0$hC$5Uk
=ACF  \\$aPrevious Copyright Fee: GBP1.43$c0$e01-apr-2009$fGBP1.43$g0$hC$5Uk
=ACF  \\$aPrevious Copyright Fee: GBP1.25$c0$e01-jan-2009$fGBP1.25$g0$hC$5Uk
=ACF  \\$aPrevious Copyright Fee: GBP1.00$c0$e01-oct-2008$fGBP1.00$g0$hC$5Uk
=ACF  \\$aPrevious Copyright Fee: GBP1.00$c0$e01-jul-2008$fGBP1.00$g0$hC$5Uk
=ACF  \\$aPrevious Copyright Fee: GBP1.00$c0$e01-apr-2008$fGBP1.00$g0$hC$5Uk
=ACF  \\$aPrevious Copyright Fee: GBP1.00$c0$e01-jan-2008$fGBP1.00$g0$hC$5Uk
=ACF  \\$aPrevious Copyright Fee: GBP1.00$c0$e01-oct-2007$fGBP1.00$g0$hC$5Uk
=ACF  \\$aPrevious Copyright Fee: GBP1.00$c0$e01-jul-2007$fGBP1.00$g0$hC$5Uk
=ACF  \\$aPrevious Copyright Fee: GBP1.03$c0$e01-apr-2007$fGBP1.03$g0$hC$5Uk
=ACF  \\$aPrevious Copyright Fee: GBP1.08$c0$e01-jan-2007$fGBP1.08$g0$hC$5Uk
=ACF  \\$aPrevious Copyright Fee: GBP1.08$c0$e01-oct-2006$fGBP1.08$g0$hC$5Uk
=ACF  \\$aPrevious Copyright Fee: GBP1.14$c0$e01-jul-2006$fGBP1.14$g0$hC$5Uk
=ACF  \\$aPrevious Copyright Fee: GBP1.14$c0$e01-apr-2006$fGBP1.14$g0$hC$5Uk
=ACF  \\$aPrevious Copyright Fee: GBP1.11$c0$e01-jan-2006$fGBP1.11$g0$hC$5Uk
=ACF  \\$aPrevious Copyright Fee: GBP1.08$c0$e01-oct-2005$fGBP1.08$g0$hC$5Uk
=ACF  \\$aPrevious Copyright Fee: GBP1.08$c0$e01-jul-2005$fGBP1.08$g0$hC$5Uk
=ACF  \\$aPrevious Copyright Fee: GBP1.08$c0$e01-apr-2005$fGBP1.08$g0$hC$5Uk
=ACF  \\$aPrevious Copyright Fee: GBP1.11$c0$e01-jan-2005$fGBP1.11$g0$hC$5Uk
=ACF  \\$aPrevious Copyright Fee: GBP1.08$c0$e01-oct-2004$fGBP1.08$g0$hC$5Uk
=ACF  \\$aPrevious copyright fee: GBP1.08$c0$e01-apr-2004$fGBP1.08$g0$hC$5Uk
=ACF  \\$aCurrent copyright fee: GBP1.18$c0$e01-jan-2004$fGBP1.18$g0$hC$5Uk
=ACF  \\$aCurrent copyright fee: GBP1.25$c0$e01-jan-2003$fGBP1.25$g0$hC$5Uk
=ACF  \\$aPrevious Copyright Fee: GBP1.21$c0$e01-jul-2012$fGBP1.21$g0$hC$5Uk
=ACF  \\$aPrevious Copyright Fee: GBP1.29$c0$e01-oct-2012$fGBP1.29$g0$hC$5Uk
=ACF  \\$aPrevious Copyright Fee: GBP1.25$c0$e01-jan-2013$fGBP1.25$g0$hC$5Uk
=ACF  \\$aPrevious Copyright Fee: GBP1.29$c0$e01-jul-2013$fGBP1.29$g0$hC$5Uk
=ACF  \\$aPrevious Copyright Fee: GBP1.20$c0$e01-oct-2013$fGBP1.20$g0$hC$5Uk
=ACF  \\$aPrevious Copyright Fee: GBP1.25$c0$e01-jan-2014$fGBP1.25$g0$hC$5Uk
=ACF  \\$aPrevious Copyright Fee: GBP1.21$c0$e01-jul-2014$fGBP1.21$g0$hC$5Uk
=ACF  \\$aPrevious Copyright Fee: GBP1.33$c0$e01-apr-2015$fGBP1.33$g0$hC$5Uk
=ACF  \\$aPrevious Copyright Fee: GBP1.29$c0$e01-oct-2015$fGBP1.29$g0$hC$5Uk
=ACF  \\$aPrevious Copyright Fee: GBP1.38$c0$e01-apr-2016$fGBP1.38$g0$hC$5Uk
=ACF  \\$aPrevious Copyright Fee: GBP1.48$c0$e01-oct-2016$fGBP1.48$g0$hC$5Uk
=ACF  \\$aPrevious Copyright Fee: GBP1.60$c0$e01-apr-2017$fGBP1.60$g0$hC$5Uk
=ACF  \\$aPrevious Copyright Fee: GBP1.52$c0$e01-oct-2017$fGBP1.52$g0$hC$5Uk
=ACF  \\$aPrevious Copyright Fee: GBP1.54$c0$e01-jan-2018$fGBP1.54$g0$hC$5Uk
=ACF  \\$aPrevious Copyright Fee: GBP1.43$c0$e01-apr-2018$fGBP1.43$g0$hC$5Uk
=ACF  \\$aPrevious Copyright Fee: GBP1.54$c0$e01-oct-2018$fGBP1.54$g0$hC$5Uk
=CAT  \\$aCONV$b00$c20040425$lBLL90$h0710
=CAT  \\$aBATCH-CLA$b00$c20140530$lBLL01$h1706
=CAT  \\$aIPL-CLA$c20140630$lBLL01$h1706
=CAT  \\$aBATCH-CLA$b00$c20150227$lBLL01$h1629
=CAT  \\$aIPL-CLA$c20150331$lBLL01$h1624
=CAT  \\$aBATCH-CLA$b00$c20150828$lBLL01$h1541
=CAT  \\$aIPL-CLA$c20150930$lBLL01$h1751
=CAT  \\$aBATCH-CLA$b00$c20160229$lBLL01$h1615
=CAT  \\$aIPL-CLA$c20160331$lBLL01$h1709
=CAT  \\$aBATCH-CLA$b00$c20160831$lBLL01$h1644
=CAT  \\$aIPL-CLA$c20160930$lBLL01$h1551
=CAT  \\$aBATCH-CLA$b00$c20170228$lBLL01$h1631
=CAT  \\$aIPL-CLA$c20170331$lBLL01$h1834
=CAT  \\$aBATCH-CLA$b00$c20170831$lBLL01$h1632
=CAT  \\$aIPL-CLA$c20170929$lBLL01$h1717
=CAT  \\$aBATCH-CLA$b00$c20171130$lBLL01$h1709
=CAT  \\$aIPL-CLA$c20171231$lBLL01$h1458
=CAT  \\$aBATCH-CLA$b00$c20180228$lBLL01$h1646
=CAT  \\$aIPL-CLA$c20180331$lBLL01$h1606
=CAT  \\$a6558$b40$c20180419$lBLL01$h1539
=CAT  \\$aBATCH-CLA$b00$c20180831$lBLL01$h1624
=CAT  \\$aIPL-CLA$c20180930$lBLL01$h1455
=CAT  \\$aBATCH-CLA$b00$c20190909$lBLL01$h1714
=CAT  \\$aIPL-CLA$c20190930$lBLL01$h1631
=CAT  \\$aBATCH-CLA$b00$c20200228$lBLL01$h1637
=CAT  \\$aIPL-CLA$c20200331$lBLL01$h1607
=CFI  0\$aCurrent Copyright Fee: GBP1.54$c0$e01-apr-2020$fGBP1.54$g0$hC$5Uk
=CFI  2\$aPrevious Copyright Fee: GBP1.60$c0$e01-oct-2019$fGBP1.60$g0$hC$5Uk
=FIN  \\$aY
=FMT  \\$a  SE
=LAS  \\$aIPL-CLA$b00$c20200331$lBLL01$h1607
=LEO  \\$aMP25.0000031319
=LEO  \\$aMP10.0000541340
=SRC  \\$aSRI01$bbibmp25.200404.2.aa
=SRC  \\$aDSS01$bbibmp10.200404.2.aa
=TCO  \\$aTRS$bCCC$c008
=TOC  \\$aETOC

