=LDR  02007 as a2200589 a 4500
=001  009909363
=003  Uk
=005  20081029122718.0
=007  ta
=008  001113c198u9999enkqr\p\\\\\\\0\\\a0eng\\
=015  \\$aGBA070350$2bnb
=019  y\$abA070350
=019  9\$abA070350
=019  1\$abA070350
=022  0\$a1472-7994
=039  0\$a2618
=040  \\$aUk$cUk$dUk
=082  04$a332.673$221
=222  \0$aInternational capital markets$b(London)
=245  00$aInternational capital markets :$bquarterly review.
=260  \\$aLondon :$bEconomic Affairs Division, Commonwealth Secretariat
=300  \\$av. ;$c30 cm.
=336  \\$atext$2rdacontent
=337  \\$aunmediated$2rdamedia
=338  \\$avolume$2rdacarrier
=500  \\$aDescription based on: Vol.20, no.2/3 (Sept. 2000)
=650  \0$aInternational finance$vPeriodicals.
=650  \0$aCapital market$vPeriodicals.
=690  7\$aManagement and Business Studies$2blcoll
=710  2\$aCommonwealth Secretariat.$bEconomic Affairs Division.
=852  41$aBritish Library$bHMNTS$jBS.12a/86$3Vol. 21, no. 1 (Apr. 2000)-vol. 22, no. 2/3 (Aug. 2002)
=985  \\$aResponsibility for ISSN transferred to the IC from the UK Centre, 29.10.08
=985  \\$aRecord merged by DQ team
=CAT  \\$aCONV$b00$c20040425$lBLL90$h0723
=CAT  \\$aCONV$b00$c20040502$lBLL01$h1342
=CAT  \\$a8874$b40$c20070809$lBLL01$h1021
=CAT  \\$a6537$b40$c20081029$lBLL01$h1227
=CAT  \\$aBATCH$b00$c20090619$lBLL01$h1805
=CAT  \\$aBATCH$b00$c20091209$lBLL01$h2356
=CAT  \\$aBATCH-UPD$b00$c20110601$lBLL01$h1718
=CAT  \\$aWR14_140$c20140905$lBLL01$h1737
=FIN  \\$aY
=FMT  \\$a  SE
=LAS  \\$aWR14_140$b00$c20140905$lBLL01$h1737
=LEO  \\$aMP5.0001460533
=LEO  \\$aMP13.0000227950
=LEO  \\$aMP22.0000065831
=SRC  \\$aISN01$bbibmp22.200404.2.aa
=SRC  \\$aBNB03$bbibmp5.200404.2.ac
=SRC  \\$aHSS01$bbibmp13.200404.2.aa
=SRC  \\$aDSS04$bbibld.200404.2.aa
=TCO  \\$aCLA$bCLA$c008

