=LDR  07532cas a2201561 a 4500
=001  009909371
=003  Uk
=005  20221231143835.0
=006  aa\\\|||||||||||||
=007  ta
=008  010108c20009999enktr\p\\\\\\\0\\\a0eng\\
=015  \\$aGBA071007$2bnb
=019  y\$abA071007
=019  9\$abA071007
=019  c\$a2606629
=019  1\$abA071007
=022  0\$a1468-2761
=039  0\$a2618
=040  \\$aUk$beng$cUk$dUk
=042  \\$aukblsr
=082  04$a792.05$221
=222  \0$aStudies in theatre and performance
=245  00$aStudies in theatre and performance.
=260  \\$aExeter :$bIntellect,$c2000-
=264  31$aAbingdon :$bTaylor & Francis
=300  \\$av. :$bill. ;$c22 cm.
=310  \\$aThree issues yearly
=336  \\$atext$2rdacontent
=337  \\$aunmediated$2rdamedia
=338  \\$avolume$2rdacarrier
=362  0\$aVol. 20, no. 1-
=540  \\$aCurrent copyright fee: GBP37.00$c2\0$5Uk
=550  \\$aOfficial publication of the Standing Conference of University Drama Departments.
=588  \\$aLatest issue consulted: volume 34, issue 1 (March 2014).
=650  \0$aTheater$vPeriodicals.
=650  \0$aActing$vPeriodicals.
=650  \0$aDrama$vPeriodicals.
=650  \0$aPerforming arts$vPeriodicals.
=710  2\$aStanding Conference of University Drama Departments.
=776  0\$tStudies in theatre and performance (Online)$x2040-0616
=780  00$tStudies in theatre production$x1357-5341
=852  41$aBritish Library$bDSC$j8491.792050$3Vol. 20, no. 1 (2000)-v. 32, no. 1 (2012)***UKRR Retained Title
=852  41$aBritish Library$bHMNTS$jZC.9.a.5655$3Vol. 20, no. 1-v.35, no. 3(2015)***title now taken as electronic copy only
=856  \\$31850-9999$uhttp://www.tandfonline.com/$xBLDSS
=945  \\$aSTUDIES IN THEATRE AND PERFORMANCE.
=963  \\$aVOL. 20, 2000- *A=1$bN$cU
=985  \\$aISSN note: responsibility for ISSN transferred from ISSN UK Centre to U.S. ISSN Centre in accordance with multinational publisher agreement. 01.05.2014.
=A02  \\$a2606629
=ACF  \\$aPrevious Copyright Fee: GBP12.00$c0$e01-apr-2012$fGBP12.00$g0$hC$5Uk
=ACF  \\$aPrevious Copyright Fee: GBP12.00$c0$e01-jan-2012$fGBP12.00$g0$hC$5Uk
=ACF  \\$aPrevious Copyright Fee: GBP10.50$c0$e01-oct-2011$fGBP10.50$g0$hC$5Uk
=ACF  \\$aPrevious Copyright Fee: GBP10.50$c0$e01-jul-2011$fGBP10.50$g0$hC$5Uk
=ACF  \\$aPrevious Copyright Fee: GBP10.50$c0$e01-apr-2011$fGBP10.50$g0$hC$5Uk
=ACF  \\$aPrevious Copyright Fee: GBP10.50$c0$e01-jan-2011$fGBP10.50$g0$hC$5Uk
=ACF  \\$aPrevious Copyright Fee: GBP9.00$c0$e01-oct-2010$fGBP9.00$g0$hC$5Uk
=ACF  \\$aPrevious Copyright Fee: GBP9.00$c0$e01-jul-2010$fGBP9.00$g0$hC$5Uk
=ACF  \\$aPrevious Copyright Fee: GBP9.00$c0$e01-apr-2010$fGBP9.00$g0$hC$5Uk
=ACF  \\$aPrevious Copyright Fee: GBP9.00$c0$e01-Jan-2010$fGBP9.00$g0$hC$5Uk
=ACF  \\$aPrevious Copyright Fee: GBP6.00$c0$e01-oct-2009$fGBP6.00$g0$hC$5Uk
=ACF  \\$aPrevious Copyright Fee: GBP6.00$c0$e01-jul-2009$fGBP6.00$g0$hC$5Uk
=ACF  \\$aPrevious Copyright Fee: GBP6.00$c0$e01-apr-2009$fGBP6.00$g0$hC$5Uk
=ACF  \\$aPrevious Copyright Fee: GBP6.00$c0$e01-jan-2009$fGBP6.00$g0$hC$5Uk
=ACF  \\$aPrevious Copyright Fee: GBP6.00$c0$e01-oct-2008$fGBP6.00$g0$hC$5Uk
=ACF  \\$aPrevious Copyright Fee: GBP6.00$c0$e01-jul-2008$fGBP6.00$g0$hC$5Uk
=ACF  \\$aPrevious Copyright Fee: GBP6.00$c0$e01-apr-2008$fGBP6.00$g0$hC$5Uk
=ACF  \\$aPrevious Copyright Fee: GBP6.00$c0$e01-jan-2008$fGBP6.00$g0$hC$5Uk
=ACF  \\$aPrevious Copyright Fee: GBP5.00$c0$e01-oct-2007$fGBP5.00$g0$hC$5Uk
=ACF  \\$aPrevious Copyright Fee: GBP5.00$c0$e01-jul-2007$fGBP5.00$g0$hC$5Uk
=ACF  \\$aPrevious Copyright Fee: GBP5.00$c0$e01-apr-2007$fGBP5.00$g0$hC$5Uk
=ACF  \\$aPrevious Copyright Fee: GBP5.00$c0$e01-jan-2007$fGBP5.00$g0$hC$5Uk
=ACF  \\$aPrevious Copyright Fee: GBP5.00$c0$e01-oct-2006$fGBP5.00$g0$hC$5Uk
=ACF  \\$aPrevious Copyright Fee: GBP5.00$c0$e01-jul-2006$fGBP5.00$g0$hC$5Uk
=ACF  \\$aPrevious Copyright Fee: GBP5.00$c0$e01-apr-2006$fGBP5.00$g0$hC$5Uk
=ACF  \\$aPrevious Copyright Fee: GBP5.00$c0$e01-jan-2006$fGBP5.00$g0$hC$5Uk
=ACF  \\$aPrevious Copyright Fee: GBP5.00$c0$e01-oct-2005$fGBP5.00$g0$hC$5Uk
=ACF  \\$aPrevious Copyright Fee: GBP5.00$c0$e01-jul-2005$fGBP5.00$g0$hC$5Uk
=ACF  \\$aPrevious Copyright Fee: GBP5.00$c0$e01-apr-2005$fGBP5.00$g0$hC$5Uk
=ACF  \\$aPrevious Copyright Fee: GBP5.00$c0$e01-jan-2005$fGBP5.00$g0$hC$5Uk
=ACF  \\$aPrevious Copyright Fee: GBP5.00$c0$e01-oct-2004$fGBP5.00$g0$hC$5Uk
=ACF  \\$aPrevious copyright fee: GBP5.00$c0$e01-jul-2002$fGBP5.00$g0$hC$5Uk
=ACF  \\$aCurrent copyright fee: GBP4.40$c0$e28-jun-2001$fGBP4.40$g0$hA$5Uk
=ACF  \\$aPrevious Copyright Fee: GBP12.00$c0$e01-jul-2012$fGBP12.00$g0$hC$5Uk
=ACF  \\$aPrevious Copyright Fee: GBP12.00$c0$e01-oct-2012$fGBP12.00$g0$hC$5Uk
=ACF  \\$aPrevious Copyright Fee: GBP24.00$c2\0$e01-jan-2014$fGBP24.00$g0$hP$5Uk
=ACF  \\$aPrevious copyright fee: GBP25.00$c2\0$e01-jan-2015$fGBP25.00$g0$hP$5Uk
=ACF  \\$aPrevious copyright fee: GBP26.00$c2\0$e01-jan-2016$fGBP26.00$g0$hP$5Uk
=ACF  \\$aPrevious copyright fee: GBP28.00$c2\0$e01-jan-2017$fGBP28.00$g0$hP$5Uk
=ACF  \\$aPrevious copyright fee: GBP30.00$c2\0$e01-jan-2018$fGBP30.00$g0$hP$5Uk
=ACF  \\$aPrevious copyright fee: GBP32.00$c2\0$e01-jan-2019$fGBP32.00$g0$hP$5Uk
=ACF  \\$aPrevious copyright fee: GBP34.00$c2\0$e01-jan-2020$fGBP34.00$g0$hP$5Uk
=CAT  \\$aWR09-126
=CAT  \\$a11205$b40$c20140429$lBLL01$h1602
=CAT  \\$a11315$b40$c20140501$lBLL01$h1125
=CAT  \\$a11315$b40$c20140501$lBLL01$h1315
=CAT  \\$a11315$b40$c20140501$lBLL01$h1316
=CAT  \\$a11315$b40$c20140501$lBLL01$h1322
=CAT  \\$aBATCH-UPD$b40$c20141124$lBLL01$h1800
=CAT  \\$aBLDSS-3PM$b00$c20141130$lBLL01$h1246
=CAT  \\$aIPL-CLA$c20141231$lBLL01$h1645
=CAT  \\$aBATCH-UPD$b00$c20151119$lBLL01$h1541
=CAT  \\$aIPL-CLA$c20151231$lBLL01$h1911
=CAT  \\$a11316$b40$c20160304$lBLL01$h1447
=CAT  \\$aBATCH-UPD$b40$c20160413$lBLL01$h1808
=CAT  \\$aBATCH-UPD$b40$c20160519$lBLL01$h1632
=CAT  \\$aBATCH-UPD$b40$c20161122$lBLL01$h1510
=CAT  \\$aIPL-CLA$c20161230$lBLL01$h1928
=CAT  \\$aBATCH-UPD$b00$c20171121$lBLL01$h1645
=CAT  \\$aIPL-CLA$c20171231$lBLL01$h1459
=CAT  \\$aBATCH-UPD$b00$c20181217$lBLL01$h1636
=CAT  \\$aIPL-CLA$c20181231$lBLL01$h1536
=CAT  \\$aBATCH-UPD$b00$c20191122$lBLL01$h1859
=CAT  \\$aIPL-CLA$c20191231$lBLL01$h1817
=CAT  \\$aBATCH-UPD$b00$c20201118$lBLL01$h1332
=CAT  \\$aIPL-CLA$c20201231$lBLL01$h1523
=CAT  \\$aBATCH-UPD$b00$c20221121$lBLL01$h1345
=CAT  \\$aIPL-CLA$c20221231$lBLL01$h1438
=CFI  0\$aCurrent copyright fee: GBP37.00$c2\0$e01-jan-2023$fGBP37.00$g0$hP$5Uk
=CFI  2\$aPrevious copyright fee: GBP35.00$c2\0$e01-jan-2021$fGBP35.00$g0$hP$5Uk
=FFP  \\$aY$bBLDSS-3PM
=FIN  \\$aY
=FMT  \\$a  SE
=LAS  \\$aIPL-CLA$b00$c20221231$lBLL01$h1438
=LEO  \\$aMP5.0001460608
=LEO  \\$aMP10.0000557701
=LEO  \\$aMP13.0000227958
=LEO  \\$aMP22.0000062462
=LET  \0$aStudies in theatre and performance (Print)
=SRC  \\$aBNB03$bbibmp5.200404.2.ac
=SRC  \\$aDSS01$bbibmp10.200404.2.aa
=SRC  \\$aHSS01$bbibmp13.200404.2.aa
=SRC  \\$aISN01$bbibmp22.200404.2.aa
=TCO  \\$aCLA$bCLA$c008
=TOC  \\$aETOC

