=LDR  06497cas a2201333 a 4500
=001  009911562
=003  Uk
=005  20211231153825.0
=006  aa\\\|||||||||||||
=007  ta
=008  020211c20009999ne\tr\p\\\\\\\0\\\a0eng\\
=015  \\$aGBA141840$2bnb
=019  y\$abA141840
=019  9\$abA141840
=019  c\$a2609151
=019  1\$abA141840
=022  0\$a1472-8117
=039  0\$a2651
=040  \\$aUk$beng$cUk$dUk
=042  \\$aukblsr
=082  04$a650.0711$221
=222  \0$aInternational journal of management education
=245  04$aThe international journal of management education.
=260  \\$aNorwich :$bLTSN for Business, Management & Accountancy,$c2000-
=264  31$32012-$a[Amsterdam] :$bElsevier Ltd
=300  \\$av. ;$c30 cm.
=310  \\$aThree issues yearly
=336  \\$atext$2rdacontent
=337  \\$aunmediated$2rdamedia
=338  \\$avolume$2rdacarrier
=362  0\$aVol. 1, issue 1 (Nov. 2000)-
=540  \\$aCurrent copyright fee: GBP34.30$c5\1$5Uk
=588  \\$aLatest issue consulted: volume 12, issue 3 (November 2014).
=595  \\$aNo Longer Required By DSC.
=650  \0$aBusiness education$vPeriodicals.
=650  \0$aManagement$xStudy and teaching (Higher)$vPeriodicals.
=710  2\$aLearning and Teaching Support Network.$bCentre for Business, Management and Accountancy.
=776  08$iAlso issued online as:$tInternational journal of management education (Online)$x2352-3565
=852  41$aBritish Library$bHMNTS$jZC.9.b.7702$3Vol. 1, issue 1 (Nov. 2000)-v. 12 , no. 3 (2014)***Title now taken as electronic copy
=852  41$aBritish Library$bDSC$j4542.325760$3Vol. 1, no. 1 (2000)-v. 10, no. 3 (2012)***UKRR Retained Title***Stock Incomplete
=856  \\$31850-9999$uhttp://www.elsevier.com/journals$xBLDSS
=886  2\$2ukmarc$a910$b20$aLTSN-BMA$xSee$aLearning and Teaching Support Network.$xCentre for Business, Management and Accountancy$z710
=886  2\$2ukmarc$a910$b20$aLTSN$cBusiness, Management Accountancy$xSee$aLearning and Teaching Support Network.$xCentre for Business, Management and Accountancy$z710
=886  2\$2ukmarc$a910$b20$aLearning and Teaching Support Network for Business, Management and Accountancy$xSee$aLearning and Teaching Support Network.$xCentre for Business, Management and Accountancy$z710
=886  2\$2ukmarc$a910$b20$aLTSN BEST$xSee also$aLearning and Teaching Support Network.$xCentre for Business, Management and Accountancy$z710
=945  \\$aInternational journal of management education
=959  \\$fHeld but not currently received
=985  \\$aISSN responsibility taken by ISSN Netherlands, 14.01.2015.
=A02  \\$a2609151
=ACF  \\$aPrevious Copyright Fee: GBP12.00$c0$e01-apr-2012$fGBP12.00$g0$hC$5Uk
=ACF  \\$aPrevious Copyright Fee: GBP12.00$c0$e01-jan-2012$fGBP12.00$g0$hC$5Uk
=ACF  \\$aPrevious Copyright Fee: GBP10.50$c0$e01-oct-2011$fGBP10.50$g0$hC$5Uk
=ACF  \\$aPrevious Copyright Fee: GBP10.50$c0$e01-jul-2011$fGBP10.50$g0$hC$5Uk
=ACF  \\$aPrevious Copyright Fee: GBP10.50$c0$e01-apr-2011$fGBP10.50$g0$hC$5Uk
=ACF  \\$aPrevious Copyright Fee: GBP10.50$c0$e01-jan-2011$fGBP10.50$g0$hC$5Uk
=ACF  \\$aPrevious Copyright Fee: GBP9.00$c0$e01-oct-2010$fGBP9.00$g0$hC$5Uk
=ACF  \\$aPrevious Copyright Fee: GBP9.00$c0$e01-jul-2010$fGBP9.00$g0$hC$5Uk
=ACF  \\$aPrevious Copyright Fee: GBP9.00$c0$e01-apr-2010$fGBP9.00$g0$hC$5Uk
=ACF  \\$aPrevious Copyright Fee: GBP9.00$c0$e01-Jan-2010$fGBP9.00$g0$hC$5Uk
=ACF  \\$aPrevious Copyright Fee: GBP6.00$c0$e01-oct-2009$fGBP6.00$g0$hC$5Uk
=ACF  \\$aPrevious Copyright Fee: GBP6.00$c0$e01-jul-2009$fGBP6.00$g0$hC$5Uk
=ACF  \\$aPrevious Copyright Fee: GBP6.00$c0$e01-apr-2009$fGBP6.00$g0$hC$5Uk
=ACF  \\$aPrevious Copyright Fee: GBP6.00$c0$e01-jan-2009$fGBP6.00$g0$hC$5Uk
=ACF  \\$aPrevious Copyright Fee: GBP6.00$c0$e01-oct-2008$fGBP6.00$g0$hC$5Uk
=ACF  \\$aPrevious copyright fee: GBP6.00$c0$e01-apr-2008$fGBP6.00$g0$hA$5Uk
=ACF  \\$aPrevious copyright fee: GBP5.00$c0$e01-jul-2002$fGBP5.00$g0$hA$5Uk
=ACF  \\$aCurrent copyright fee: GBP2.50$c0$e01-nov-2001$fGBP2.50$g0$hC$5Uk
=ACF  \\$aCurrent Copyright Fee: GBP12.00$c0$e01-jul-2012$fGBP12.00$g0$hC$5Uk
=ACF  \\$aPrevious copyright fee: GBP21.00$c5\1$e12-jul-2012$fGBP21.00$g0$hP$5Uk
=ACF  \\$aPrevious copyright fee: GBP30.00$c25\0$e22-mar-2018$fGBP30.00$g0$hP$5Uk
=ACF  \\$aPrevious copyright fee: GBP23.40$c5\1$e01-jan-2018$fGBP23.40$g0$hP$5Uk
=ACF  \\$aPrevious copyright fee: GBP22.50$c5\1$e01-jan-2013$fGBP22.50$g0$hP$5Uk
=CAT  \\$aWR09-126
=CAT  \\$a12500$b40$c20120712$lBLL01$h1150
=CAT  \\$a12500$b40$c20120712$lBLL01$h1238
=CAT  \\$aBATCH-CLA$b00$c20121105$lBLL01$h1749
=CAT  \\$aBATCH-UPD$b00$c20121121$lBLL01$h1654
=CAT  \\$a8335$b40$c20121126$lBLL01$h1334
=CAT  \\$a8335$b40$c20121126$lBLL01$h1338
=CAT  \\$aWR12_168$c20121206$lBLL01$h1835
=CAT  \\$aIPL-CLA$c20121231$lBLL01$h1255
=CAT  \\$aIPL-CLA$c20130102$lBLL01$h1703
=CAT  \\$aWR13.005$c20130323$lBLL01$h1413
=CAT  \\$a8124$b40$c20130604$lBLL01$h1533
=CAT  \\$aBATCH-CLA$b00$c20140125$lBLL01$h1325
=CAT  \\$aBATCH-CLA$c20140225$lBLL01$h2316
=CAT  \\$a11315$b40$c20140522$lBLL01$h1522
=CAT  \\$aBLDSS-3PM$b00$c20141222$lBLL01$h1710
=CAT  \\$a11205$b40$c20150113$lBLL01$h1320
=CAT  \\$a11313$b40$c20150114$lBLL01$h1440
=CAT  \\$aBATCH-UPD$b40$c20170302$lBLL01$h1751
=CAT  \\$aBATCH-UPD$b40$c20171121$lBLL01$h1740
=CAT  \\$aIPL-CLA$c20171231$lBLL01$h1500
=CAT  \\$a5552$b40$c20180322$lBLL01$h1243
=CAT  \\$a12654$b40$c20191009$lBLL01$h1450
=CAT  \\$aBATCH-UPD$b40$c20191016$lBLL01$h0030
=CAT  \\$aBATCH-UPD$b40$c20211119$lBLL01$h1550
=CAT  \\$aIPL-CLA$c20211231$lBLL01$h1538
=CFI  0\$aCurrent copyright fee: GBP34.30$c5\1$e01-jan-2022$fGBP34.30$g0$hP$5Uk
=CFI  2\$aPrevious copyright fee: GBP32.84$c5\1$e09-oct-2019$fGBP32.84$g0$hP$5Uk
=FFP  \\$aY$bBLDSS-3PM
=FIN  \\$aY
=FMT  \\$a  SE
=LAS  \\$aIPL-CLA$b00$c20211231$lBLL01$h1538
=LEO  \\$aMP5.0001466887
=LEO  \\$aMP10.0000295649
=LEO  \\$aMP13.0000230270
=LEO  \\$aMP22.0000065842
=SRC  \\$aBNB03$bbibmp5.200404.2.ac
=SRC  \\$aDSS01$bbibmp10.200404.2.aa
=SRC  \\$aHSS01$bbibmp13.200404.2.aa
=SRC  \\$aISN01$bbibmp22.200404.2.aa
=TCO  \\$aCLA$bCLA$c008
=TOC  \\$aETOC

