=LDR  05565cas a2201225 a 4500
=001  009913207
=003  Uk
=005  20230210005149.0
=006  aa\\\|||||||||||||
=007  ta
=008  020403d19962007enktr\p\\\\\\\0\\\a0eng\\
=015  \\$aGBA203971$2bnb
=019  y\$abA203971
=019  9\$abA203971
=019  1\$abA203971
=022  0\$a1475-8342
=039  0\$a2674
=040  \\$aUk$cUk$dUk
=042  \\$aukblsr
=082  04$a362.7$221
=222  \0$aCRIN newsletter
=245  00$aCRIN newsletter.
=246  3\$aChild Rights Information Network newsletter
=260  \\$aLondon (c/o Save the Children, 17 Grove La., London SE5 8RD) :$bCRIN,$c[1996]-
=300  \\$av. :$bill. ;$c30 cm.
=310  \\$aThree issues yearly
=336  \\$atext$2rdacontent
=337  \\$aunmediated$2rdamedia
=338  \\$avolume$2rdacarrier
=362  0\$aNo. 1 (Jan. 1996)-
=362  1\$aCeased in 2007?
=500  \\$aDescription based on: No. 14 (June 2001).
=530  \\$aAlso published in French and Spanish languages.
=540  \\$aCurrent Copyright Fee: GBP25.00$c0$5Uk
=650  \0$aChildren's rights$vPeriodicals.
=650  \0$aChild welfare$vPeriodicals.
=690  7\$aSocial Welfare$2blcoll
=710  2\$aChild Rights Information Network.
=775  0\$tCRIN newsletter (Ed. española)$x1476-0177
=775  0\$tCRIN newsletter (Ed. française)$x1476-0185
=785  00$tReview (Child Rights Information Network)$x2042-7794
=852  41$aBritish Library$bHMNTS$jZC.9.b.7800$3Issue 1 (Jan. 1996)-issue 7 (July 1998); issue 9 (Mar. 1999)-issue 10 (July 1999); issue 12 (Mar. 2000)-issue 17 (May 2003); issue 19 (May 2006)-issue 20 (Feb. 2007)
=985  \\$aThe change of title was done from the English version only. The records for the French and Spanish editions have been left as they were.
=985  \\$aResponsibility for ISSN transferred to International Centre from ISSN UK Centre, 29/11/11.
=ACF  \\$aPrevious Copyright Fee: GBP12.00$c0$e01-apr-2012$fGBP12.00$g0$hC$5Uk
=ACF  \\$aPrevious Copyright Fee: GBP12.00$c0$e01-jan-2012$fGBP12.00$g0$hC$5Uk
=ACF  \\$aPrevious Copyright Fee: GBP10.50$c0$e01-oct-2011$fGBP10.50$g0$hC$5Uk
=ACF  \\$aPrevious Copyright Fee: GBP10.50$c0$e01-jul-2011$fGBP10.50$g0$hC$5Uk
=ACF  \\$aPrevious Copyright Fee: GBP10.50$c0$e01-apr-2011$fGBP10.50$g0$hC$5Uk
=ACF  \\$aPrevious Copyright Fee: GBP10.50$c0$e01-jan-2011$fGBP10.50$g0$hC$5Uk
=ACF  \\$aPrevious Copyright Fee: GBP9.00$c0$e01-oct-2010$fGBP9.00$g0$hC$5Uk
=ACF  \\$aPrevious Copyright Fee: GBP9.00$c0$e01-jul-2010$fGBP9.00$g0$hC$5Uk
=ACF  \\$aPrevious Copyright Fee: GBP9.00$c0$e01-apr-2010$fGBP9.00$g0$hC$5Uk
=ACF  \\$aPrevious Copyright Fee: GBP9.00$c0$e01-Jan-2010$fGBP9.00$g0$hC$5Uk
=ACF  \\$aPrevious Copyright Fee: GBP6.00$c0$e01-oct-2009$fGBP6.00$g0$hC$5Uk
=ACF  \\$aPrevious Copyright Fee: GBP12.00$c0$e01-jul-2012$fGBP12.00$g0$hC$5Uk
=ACF  \\$aPrevious Copyright Fee: GBP12.00$c0$e01-oct-2012$fGBP12.00$g0$hC$5Uk
=ACF  \\$aPrevious Copyright Fee: GBP12.30$c0$e01-jan-2014$fGBP12.30$g0$hC$5Uk
=ACF  \\$aPrevious Copyright Fee: GBP15.00$c0$e01-jan-2017$fGBP15.00$g0$hC$5Uk
=ACF  \\$aPrevious Copyright Fee: GBP17.50$c0$e01-jan-2018$fGBP17.50$g0$hC$5Uk
=ACF  \\$aPrevious Copyright Fee: GBP20.00$c0$e01-jan-2020$fGBP20.00$g0$hC$5Uk
=ACF  \\$aPrevious Copyright Fee: GBP22.50$c0$e01-jan-2021$fGBP22.50$g0$hC$5Uk
=CAT  \\$aWR09-126
=CAT  \\$a10806$b40$c20111123$lBLL01$h0931
=CAT  \\$a10806$b40$c20111129$lBLL01$h0936
=CAT  \\$aBATCH-CLA$b00$c20111130$lBLL01$h1217
=CAT  \\$aIPL-CLA$c20111230$lBLL01$h1830
=CAT  \\$aBATCH-CLA$b00$c20120229$lBLL01$h1632
=CAT  \\$aIPL-CLA$c20120330$lBLL01$h1410
=CAT  \\$aBATCH-CLA$b00$c20120531$lBLL01$h1708
=CAT  \\$aIPL-CLA$c20120629$lBLL01$h1008
=CAT  \\$aBATCH-CLA$b00$c20120831$lBLL01$h1533
=CAT  \\$aIPL-CLA$c20120930$lBLL01$h2033
=CAT  \\$aBATCH-CLA$b00$c20121105$lBLL01$h1749
=CAT  \\$a8201$b40$c20130123$lBLL01$h0957
=CAT  \\$aBATCH-CLA$b00$c20131129$lBLL01$h1646
=CAT  \\$aIPL-CLA$c20131231$lBLL01$h2056
=CAT  \\$aWR14_140$c20140905$lBLL01$h1738
=CAT  \\$aBATCH-CLA$b00$c20161130$lBLL01$h1629
=CAT  \\$aIPL-CLA$c20161230$lBLL01$h1929
=CAT  \\$aBATCH-CLA$b00$c20171130$lBLL01$h1707
=CAT  \\$aIPL-CLA$c20171231$lBLL01$h1500
=CAT  \\$aBATCH-CLA$b00$c20191129$lBLL01$h1623
=CAT  \\$aIPL-CLA$c20191231$lBLL01$h1817
=CAT  \\$aBATCH-CLA$b00$c20201126$lBLL01$h1414
=CAT  \\$aIPL-CLA$c20201231$lBLL01$h2024
=CAT  \\$aBATCH-CLA$b00$c20221130$lBLL01$h1453
=CAT  \\$aIPL-CLA$c20221231$lBLL01$h1934
=CAT  \\$aBATCH-CLA$b00$c20230209$lBLL01$h1540
=CAT  \\$aIPL-CLA$c20230210$lBLL01$h0051
=CFI  0\$aCurrent Copyright Fee: GBP25.00$c0$e09-feb-2023$fGBP25.00$g0$hC$5Uk
=CFI  2\$aBritish Library not licensed to copy$c0$e01-jan-2023$hC$iCFP Excluded$5Uk
=FIN  \\$aY
=FMT  \\$a  SE
=LAS  \\$aIPL-CLA$b00$c20230210$lBLL01$h0051
=LEO  \\$aMP5.0000008015
=LEO  \\$aMP13.0000231977
=LEO  \\$aMP22.0000068144
=LKR  \\$aPAR$b009918211$lBLL01$nCRIN newsletter (Edición española)$mCRIN newsletter.$r775
=LKR  \\$aPAR$b009918212$lBLL01$nCRIN newsletter (Édition française)$mCRIN newsletter.$r775
=SRC  \\$aDSS04$bbibld.200404.2.aa
=SRC  \\$aBNB03$bbibmp5.200404.2.aa
=SRC  \\$aHSS01$bbibmp13.200404.2.aa
=SRC  \\$aISN01$bbibmp22.200404.2.aa
=TCO  \\$aCLA$bCLA$c008

