=LDR  04125cas a2200973ua 4500
=001  009914075
=003  Uk
=005  20221231193415.0
=007  ta
=008  020806c20009999enkuu\\\\\\\\\0\\\a0eng\\
=015  \\$aGBA224411$2bnb
=019  y\$abA224411
=019  9\$abA224411
=019  1\$abA224411
=022  0\$a1477-3465
=039  0\$a2686
=040  \\$aUk$cUk$dUk
=082  04$a378.33$221
=222  \0$aInternational awards
=245  00$aInternational awards ...
=260  \\$aLondon :$bAssociation of Commonwealth Universities,$c2000-
=300  \\$av. ;$c21 cm.
=336  \\$atext$2rdacontent
=337  \\$aunmediated$2rdamedia
=338  \\$avolume$2rdacarrier
=362  0\$a2001+-
=540  \\$aCurrent Copyright Fee: GBP25.00$c0$5Uk
=580  \\$aMerger of: Awards for first degree study at Commonwealth universities, and: Awards for postgraduate study at Commonwealth Universities, and: Awards for university teachers and research workers.
=650  \0$aStudent aid$vHandbooks, manuals, etc.
=710  2\$aAssociation of Commonwealth Universities.
=730  0\$aAwards for first degree study at Commonwealth universities,$x0967-9863.
=730  0\$aAwards for postgraduate study at Commonwealth Universities,$x0960-7986.
=730  0\$aAwards for university teachers and research workers,$x0964-2706.
=780  14$tAwards for first degree study at Commonwealth Universities$x0967-9863
=780  14$tAwards for postgraduate study at Commonwealth universities$x0960-7986
=780  14$tAwards for university teachers and research workers$x0964-2706
=852  41$aBritish Library$bHMNTS$jZK.9.a.7569
=985  \\$aResponsibility for ISSN transferred to IC from ISSN UK, 12.04.07
=ACF  \\$aBritish Library not licensed to copy$c0$e01-oct-2008$hC$iCLA Excluded$5Uk
=ACF  \\$aPrevious copyright fee: GBP10.50$c0$e01-jan-2011$fGBP10.50$g0$hA$5Uk
=ACF  \\$aPrevious copyright fee: GBP12.00$c0$e01-jan-2012$fGBP12.00$g0$hA$5Uk
=ACF  \\$aPrevious Copyright Fee: GBP12.30$c0$e01-jan-2014$fGBP12.30$g0$hA$5Uk
=ACF  \\$aPrevious Copyright Fee: GBP15.00$c0$e01-jan-2017$fGBP15.00$g0$hA$5Uk
=ACF  \\$aPrevious Copyright Fee: GBP17.50$c0$e01-jan-2018$fGBP17.50$g0$hA$5Uk
=ACF  \\$aPrevious Copyright Fee: GBP20.00$c0$e01-jan-2020$fGBP20.00$g0$hA$5Uk
=CAT  \\$aBATCH-CLA$b00$c20080829$lBLL01$h1852
=CAT  \\$aBATCH-CLA$b00$c20080829$lBLL01$h1853
=CAT  \\$aBATCH-UPD$b00$c20080930$lBLL01$h2339
=CAT  \\$aBATCH$b00$c20081001$lBLL01$h0058
=CAT  \\$aWR09-126
=CAT  \\$aBATCH-UPD$b00$c20090904$lBLL01$h1717
=CAT  \\$aBATCH$b00$c20091122$lBLL01$h1300
=CAT  \\$aBATCH-UPD$b00$c20101201$lBLL01$h1228
=CAT  \\$aIPL-CLA$c20101231$lBLL01$h1330
=CAT  \\$aWR11_203$c20111204$lBLL01$h1400
=CAT  \\$aIPL-CLA$c20111230$lBLL01$h1831
=CAT  \\$aBATCH-CLA$b00$c20121105$lBLL01$h1749
=CAT  \\$aBATCH-CLA$c20131218$lBLL01$h2238
=CAT  \\$aIPL-CLA$c20131231$lBLL01$h2056
=CAT  \\$aWR14_140$c20140905$lBLL01$h1739
=CAT  \\$aBATCH-CLA$b00$c20161222$lBLL01$h1728
=CAT  \\$aIPL-CLA$c20161230$lBLL01$h1929
=CAT  \\$aBATCH-CLA$b00$c20171222$lBLL01$h2031
=CAT  \\$aIPL-CLA$c20171231$lBLL01$h1500
=CAT  \\$aBATCH-CLA$b00$c20191219$lBLL01$h1654
=CAT  \\$aIPL-CLA$c20191231$lBLL01$h1817
=CAT  \\$aR2001-1524$c20200127$lBLL01$h1940
=CAT  \\$aBATCH-CLA$b00$c20201204$lBLL01$h1451
=CAT  \\$aIPL-CLA$c20201231$lBLL01$h2024
=CAT  \\$aBATCH-CLA$b00$c20221221$lBLL01$h1757
=CAT  \\$aIPL-CLA$c20221231$lBLL01$h1934
=CFI  0\$aCurrent Copyright Fee: GBP25.00$c0$e01-jan-2023$fGBP25.00$g0$hA$5Uk
=CFI  2\$aPrevious Copyright Fee: GBP22.50$c0$e01-jan-2021$fGBP22.50$g0$hA$5Uk
=FIN  \\$aY
=FMT  \\$a  SE
=LAS  \\$aIPL-CLA$b00$c20221231$lBLL01$h1934
=LEO  \\$aMP5.0000010527
=LEO  \\$aMP13.0000232868
=LEO  \\$aMP22.0000069126
=SRC  \\$aDSS04$bbibld.200404.2.aa
=SRC  \\$aBNB03$bbibmp5.200404.2.aa
=SRC  \\$aHSS01$bbibmp13.200404.2.aa
=SRC  \\$aISN01$bbibmp22.200404.2.aa
=TCO  \\$aCLA$bCLA$c008

