=LDR  05990cas a2201297 a 4500
=001  009914701
=003  Uk
=005  20230930080350.0
=007  ta
=008  020902c20029999pauqr\p\\\\\\\0\\\a0eng\\
=015  \\$aGBA249174$2bnb
=019  y\$abA249174
=019  9\$abA249174
=019  1\$abA249174
=019  c\$a3001601
=022  0\$a1475-4835
=039  0\$a2702
=040  \\$aUk$cUk$dUk
=042  \\$aukblsr
=082  04$a323.05$221
=222  \0$aJournal of human rights$b(Print)
=245  00$aJournal of human rights.
=260  \\$aLondon :$bCarfax,$c2002-
=264  31$32013-$aPhiladelphia, Pa. :$bRoutledge
=300  \\$av. ;$c24 cm.
=310  \\$aQuarterly
=336  \\$atext$2rdacontent
=337  \\$aunmediated$2rdamedia
=338  \\$avolume$2rdacarrier
=362  0\$aVol. 1, no. 1 (Mar. 2002)-
=540  \\$aCurrent copyright fee: GBP37.00$c2\0$5Uk
=588  \\$aLatest issue consulted: volume 12, number 3 (July-September 2013).
=650  \0$aHuman rights$vPeriodicals.
=776  0\$tJournal of human rights (Online)$x1475-4843
=852  41$aBritish Library$bHMNTS$jZC.9.a.6954$3Vol. 1, no. 1 (2002)-v. 14, no. 4 (2015)***title now taken as electronic copy only
=852  41$aBritish Library$bDSC$j5003.431500$3Vol. 1, no. 1 (2002)-v. 4, no. 4 (2005)***UKRR Retained Title
=856  \\$31850-9999$uhttp://www.tandfonline.com/$xBLDSS
=945  \\$aJournal of human rights -London-
=959  \\$fHeld but not currently received
=985  \\$aRecord merged by DQ team
=985  \\$aISSN note: responsibility for ISSN transferred to U.S. ISSN Center from ISSN UK centre, 25.10.13.
=ACF  \\$aPrevious copyright fee: GBP17.00$c1\0$e01-jan-2010$fGBP17.00$g0$hP$5Uk
=ACF  \\$aPrevious copyright fee: GBP16.00$c1\0$e01-jan-2009$fGBP16.00$g0$hP$5Uk
=ACF  \\$aPrevious copyright fee: GBP15.00$c1\0$e01-apr-2008$fGBP15.00$g0$hP$5Uk
=ACF  \\$aPrevious copyright fee: GBP16.00$c1\0$e23-jul-2007$fGBP16.00$g0$hP$5Uk
=ACF  \\$aPrevious Copyright Fee: GBP13.00$c0$e01-jul-2007$fGBP13.00$g0$hC$5Uk
=ACF  \\$aPrevious Copyright Fee: GBP13.00$c0$e01-apr-2007$fGBP13.00$g0$hC$5Uk
=ACF  \\$aPrevious Copyright Fee: GBP13.00$c0$e01-jan-2007$fGBP13.00$g0$hC$5Uk
=ACF  \\$aPrevious Copyright Fee: GBP13.00$c0$e01-oct-2006$fGBP13.00$g0$hC$5Uk
=ACF  \\$aPrevious Copyright Fee: GBP13.00$c0$e01-jul-2006$fGBP13.00$g0$hC$5Uk
=ACF  \\$aPrevious Copyright Fee: GBP13.00$c0$e01-apr-2006$fGBP13.00$g0$hC$5Uk
=ACF  \\$aPrevious Copyright Fee: GBP13.00$c0$e01-jan-2006$fGBP13.00$g0$hC$5Uk
=ACF  \\$aPrevious Copyright Fee: GBP13.00$c0$e01-oct-2005$fGBP13.00$g0$hC$5Uk
=ACF  \\$aPrevious Copyright Fee: GBP13.00$c0$e01-jul-2005$fGBP13.00$g0$hC$5Uk
=ACF  \\$aPrevious Copyright Fee: GBP13.00$c0$e01-apr-2005$fGBP13.00$g0$hC$5Uk
=ACF  \\$aPrevious Copyright Fee: GBP13.00$c0$e01-jan-2005$fGBP13.00$g0$hC$5Uk
=ACF  \\$aPrevious Copyright Fee: GBP11.00$c0$e01-oct-2004$fGBP11.00$g0$hC$5Uk
=ACF  \\$aPrevious copyright fee: GBP21.00$c1\0$e01-jan-2011$fGBP21.00$g0$hP$5Uk
=ACF  \\$aPrevious copyright fee: GBP23.00$c1\0$e01-jan-2012$fGBP23.00$g0$hP$5Uk
=ACF  \\$aPrevious copyright fee: GBP23.50$c1\0$e01-jan-2013$fGBP23.50$g0$hP$5Uk
=ACF  \\$aPrevious copyright fee: GBP24.00$c1\0$e01-jan-2014$fGBP24.00$g0$hP$5Uk
=ACF  \\$aPrevious copyright fee: GBP25.00$c1\0$e01-jan-2015$fGBP25.00$g0$hP$5Uk
=ACF  \\$aPrevious copyright fee: GBP26.00$c1\0$e01-jan-2016$fGBP26.00$g0$hP$5Uk
=ACF  \\$aPrevious copyright fee: GBP28.00$c1\0$e01-jan-2017$fGBP28.00$g0$hP$5Uk
=ACF  \\$aPrevious copyright fee: GBP30.00$c1\0$e01-jan-2018$fGBP30.00$g0$hP$5Uk
=ACF  \\$aPrevious copyright fee: GBP32.00$c1\0$e01-jan-2019$fGBP32.00$g0$hP$5Uk
=ACF  \\$aPrevious copyright fee: GBP34.00$c1\0$e01-jan-2020$fGBP34.00$g0$hP$5Uk
=ACF  \\$aPrevious copyright fee: GBP35.00$c1\0$e01-jan-2021$fGBP35.00$g0$hP$5Uk
=CAT  \\$aCONV$b00$c20040425$lBLL90$h0723
=CAT  \\$aBATCH-UPD$b40$c20131119$lBLL01$h1857
=CAT  \\$aIPL-CLA$c20131231$lBLL01$h2056
=CAT  \\$aBATCH-CLA$b00$c20140125$lBLL01$h1319
=CAT  \\$aBATCH-CLA$c20140225$lBLL01$h2316
=CAT  \\$aBATCH-UPD$b00$c20141124$lBLL01$h1741
=CAT  \\$aBLDSS-3PM$b00$c20141130$lBLL01$h1246
=CAT  \\$aIPL-CLA$c20141231$lBLL01$h1645
=CAT  \\$aBATCH-UPD$b00$c20151119$lBLL01$h1520
=CAT  \\$aIPL-CLA$c20151231$lBLL01$h1911
=CAT  \\$aBATCH-UPD$b00$c20160413$lBLL01$h1808
=CAT  \\$aBATCH-UPD$b00$c20161122$lBLL01$h1443
=CAT  \\$aBATCH-UPD$b00$c20161122$lBLL01$h1445
=CAT  \\$aIPL-CLA$c20161230$lBLL01$h1929
=CAT  \\$aBATCH-UPD$b00$c20171121$lBLL01$h1622
=CAT  \\$aIPL-CLA$c20171231$lBLL01$h1500
=CAT  \\$aBATCH-UPD$b00$c20181217$lBLL01$h1628
=CAT  \\$aIPL-CLA$c20181231$lBLL01$h1536
=CAT  \\$aBATCH-UPD$b00$c20191122$lBLL01$h1841
=CAT  \\$aIPL-CLA$c20191231$lBLL01$h1817
=CAT  \\$aBATCH-UPD$b00$c20201118$lBLL01$h1323
=CAT  \\$aIPL-CLA$c20201231$lBLL01$h1523
=CAT  \\$aBATCH-UPD$b00$c20221121$lBLL01$h1318
=CAT  \\$aIPL-CLA$c20221231$lBLL01$h1438
=CAT  \\$aR2308-1440$c20230824$lBLL01$h0926
=CAT  \\$aIPL-CLA$c20230930$lBLL01$h0803
=CFI  0\$aCurrent copyright fee: GBP37.00$c2\0$e01-oct-2023$fGBP37.00$g0$hP$5Uk
=CFI  2\$aPrevious copyright fee: GBP37.00$c1\0$e01-jan-2023$fGBP37.00$g0$hP$5Uk
=FFP  \\$aY$bBLDSS-3PM
=FIN  \\$aY
=FMT  \\$a  SE
=LAS  \\$aIPL-CLA$b00$c20230930$lBLL01$h0803
=LEO  \\$aMP10.0000322343
=LEO  \\$aMP5.0000012915
=LEO  \\$aMP13.0000233527
=LEO  \\$aMP22.0000067886
=LKR  \\$aPAR$b013362733$lBLL01$r776$mJournal of human rights (Print)$nJournal of human rights (Online)
=SRC  \\$aDSS01$bbibmp10.200404.2.aa
=SRC  \\$aBNB03$bbibmp5.200404.2.aa
=SRC  \\$aHSS01$bbibmp13.200404.2.aa
=SRC  \\$aISN01$bbibmp22.200404.2.aa
=TCO  \\$aCLA$bCLA$c008
=TOC  \\$aETOC

