=LDR  02697 as a2200781ua 4500
=001  009918211
=003  Uk
=005  20120224084542.0
=006  aa\\\|||||||||||||
=007  ta
=008  030429d1996200uenktr\p\\\\\\\0\\\a0spa\\
=015  \\$aGBA332788$2bnb
=019  y\$abA332788
=019  9\$abA332788
=019  1\$abA332788
=022  0\$a1476-0177
=039  0\$a2740
=040  \\$aUk$cUk$dUk
=082  04$a362.7$221
=130  0\$aCRIN newsletter (Edición española)
=222  \0$aCRIN newsletter$b(Ed. española)
=245  10$aCRIN newsletter.
=246  3\$aBoletín de noticias de CRIN ..
=260  \\$aLondres (c/o Save the Children, 17 Grove La., London SE5 8RD) :$bCRIN,$c1996-
=300  \\$av. :$bill. ;$c30 cm.
=310  \\$aThree issues yearly
=336  \\$atext$2rdacontent
=337  \\$aunmediated$2rdamedia
=338  \\$avolume$2rdacarrier
=362  0\$aNo. 1 (1996)-
=500  \\$aAlso available in English and French.
=500  \\$aAlso entitled: Boletín de noticias de CRIN ..
=500  \\$aDescription based on: No. 13 (Nov. 2000)
=650  \0$aChildren's rights$vPeriodicals.
=650  \0$aChild welfare$vPeriodicals.
=690  7\$aSocial Welfare$2blcoll
=710  2\$aChild Rights Information Network.
=775  0\$tCRIN newsletter$x1475-8342
=775  0\$tCRIN newsletter (Éd. française)
=785  00$tRevista (Child Rights Information Network)
=852  41$aBritish Library$bHMNTS$jZK.9.b.18932$3No. 1 (1996)-no. 20 (2007)
=985  \\$aCorrected by BSS-generated file for WR# 10/166
=985  \\$aResponsibility for ISSN transferred to International Centre from ISSN UK Centre, 29/11/11.
=CAT  \\$aCONV$b00$c20040425$lBLL90$h0723
=CAT  \\$aCONV$b00$c20040502$lBLL01$h1343
=CAT  \\$aWR09-126
=CAT  \\$aBATCH-UPD$b00$c20090904$lBLL01$h1718
=CAT  \\$aBATCH$b00$c20091122$lBLL01$h1301
=CAT  \\$aBATCH$b00$c20110625$lBLL01$h0419
=CAT  \\$aBATCH-SWP4$c20110627$lBLL01$h1456
=CAT  \\$a10806$b40$c20111123$lBLL01$h0922
=CAT  \\$a10806$b40$c20111123$lBLL01$h0923
=CAT  \\$a10806$b40$c20111123$lBLL01$h0928
=CAT  \\$a10806$b40$c20111129$lBLL01$h1004
=CAT  \\$a10806$b40$c20120224$lBLL01$h0845
=CAT  \\$aWR14_140$c20140905$lBLL01$h1739
=FIN  \\$aY
=FMT  \\$a  SE
=LAS  \\$aWR14_140$b00$c20140905$lBLL01$h1739
=LEO  \\$aMP5.0000021478
=LEO  \\$aMP13.0000237201
=LEO  \\$aMP22.0000068275
=LET  \0$aCRIN newsletter (Spanish edition)
=SRC  \\$aISN01$bbibmp22.200404.2.aa
=SRC  \\$aBNB03$bbibmp5.200404.2.aa
=SRC  \\$aHSS01$bbibmp13.200404.2.aa
=SRC  \\$aDSS04$bbibld.200404.2.aa
=TCO  \\$aCLA$bCLA$c008

