=LDR  02542 as a2200745ua 4500
=001  009918212
=003  Uk
=005  20120224084938.0
=006  aa\\\|||||||||||||
=007  ta
=008  030429d1996200uenktr\p\\\\\\\0\\\a0fre\\
=015  \\$aGBA332798$2bnb
=019  y\$abA332798
=019  9\$abA332798
=019  1\$abA332798
=022  0\$a1476-0185
=039  0\$a2740
=040  \\$aUk$cUk$dUk
=082  04$a362.7$221
=130  0\$aCRIN newsletter (Édition française)
=222  \0$aCRIN newsletter$b(Ed. française)
=245  10$aCRIN newsletter.
=260  \\$aLondres (c/o Save the Children, 17 Grove La., London SE5 8RD) :$bCRIN,$c1996-
=300  \\$av. :$bill. ;$c30 cm.
=310  \\$aThree issues yearly
=336  \\$atext$2rdacontent
=337  \\$aunmediated$2rdamedia
=338  \\$avolume$2rdacarrier
=362  0\$aNo. 1 (Jan. 1996)-
=500  \\$aAlso available in English and Spanish.
=500  \\$aDescription based on: No. 13 (Nov. 2000)
=650  \0$aChildren's rights$vPeriodicals.
=650  \0$aChild welfare$vPeriodicals.
=690  7\$aSocial Welfare$2blcoll
=710  2\$aChild Rights Information Network.
=775  0\$tCRIN newsletter$x1475-8342
=775  0\$tCRIN newsletter (Ed. española)
=785  00$tRevue (Child Rights Information Network)
=852  41$aBritish Library$bHMNTS$jZK.9.b.18917$3No. 1 (Jan. 1996)-no. 20 (2007)
=985  \\$aCorrected by BSS-generated file for WR# 10/166
=985  \\$aResponsibility for ISSN transferred to International Centre from ISSN UK Centre, 29/11/11.
=CAT  \\$aCONV$b00$c20040425$lBLL90$h0723
=CAT  \\$aCONV$b00$c20040502$lBLL01$h1343
=CAT  \\$aWR09-126
=CAT  \\$aBATCH-UPD$b00$c20090904$lBLL01$h1718
=CAT  \\$aBATCH$b00$c20091122$lBLL01$h1301
=CAT  \\$aBATCH$b00$c20110625$lBLL01$h0419
=CAT  \\$aBATCH-SWP4$c20110627$lBLL01$h1456
=CAT  \\$a10806$b40$c20111123$lBLL01$h0918
=CAT  \\$a10806$b40$c20111123$lBLL01$h0926
=CAT  \\$a10806$b40$c20111129$lBLL01$h1004
=CAT  \\$a10806$b40$c20120224$lBLL01$h0849
=CAT  \\$aWR14_140$c20140905$lBLL01$h1739
=FIN  \\$aY
=FMT  \\$a  SE
=LAS  \\$aWR14_140$b00$c20140905$lBLL01$h1739
=LEO  \\$aMP5.0000021480
=LEO  \\$aMP13.0000237202
=LEO  \\$aMP22.0000068276
=LET  \0$aCRIN newsletter (French edition)
=SRC  \\$aISN01$bbibmp22.200404.2.aa
=SRC  \\$aDSS04$bbibld.200404.2.aa
=SRC  \\$aBNB03$bbibmp5.200404.2.aa
=SRC  \\$aHSS01$bbibmp13.200404.2.aa
=TCO  \\$aCLA$bCLA$c008

