=LDR  05731cas a2201297 a 4500
=001  009918764
=003  Uk
=005  20230930080351.0
=007  ta
=008  030728c20039999enkqr\p\\\\\\\0\\\a0eng\\
=015  \\$aGBA347560$2bnb
=019  y\$abA347560
=019  9\$abA347560
=019  c\$a3012542
=019  1\$abA347560
=022  0\$a1476-7724
=039  0\$a2748
=040  \\$aUk$beng$cUk$dUk
=042  \\$aukblsr
=082  04$a379$221
=222  \0$aGlobalisation, societies and education$b(Print)
=245  00$aGlobalisation, societies and education.
=260  \\$aAbingdon :$bCarfax,$c2003-
=264  31$aAbingdon, Oxon :$bTaylor & Francis
=300  \\$av. ;$c25 cm.
=310  \\$aQuarterly
=321  \\$aThree issues yearly
=336  \\$atext$2rdacontent
=337  \\$aunmediated$2rdamedia
=338  \\$avolume$2rdacarrier
=362  0\$aVol. 1, no. 1 (Mar. 2003)-
=540  \\$aCurrent copyright fee: GBP37.00$c2\0$5Uk
=588  \\$aLatest issue consulted: volume 13, number 2 (June 2015).
=650  \0$aGlobalization$vPeriodicals.
=650  \0$aGlobalization$xSocial aspects$vPeriodicals.
=650  \0$aEducation$xSocial aspects$vPeriodicals.
=650  \0$aEducation and state$vPeriodicals.
=650  \0$aEducation$xEconomic aspects$vPeriodicals.
=650  \0$aEducational sociology$vPeriodicals.
=650  \0$aInternational education$vPeriodicals.
=690  7\$aSocial Welfare$2blcoll
=776  08$iAlso issued online as:$tGlobalisation, societies and education$x1476-7732
=852  41$aBritish Library$bHMNTS$jZC.9.a.7132$3Vol. 1, no. 1 (2003)-v. 13, no. 4 (2015)***Title now taken as electronic copy only
=852  41$aBritish Library$bDSC$j4195.477955$3Vol. 1, no. 1 (2003)-v. 3, no. 3 (2005)
=856  \\$31850-9999$uhttp://www.tandfonline.com/$xBLDSS
=945  \\$aGLOBALISATION SOCIETIES AND EDUCATION.
=959  \\$fHeld but not currently received
=985  \\$aISSN UK Centre note: responsibility transferred to US Center under multinational publisher agreement 29.7.2015.
=A02  \\$a3012542
=ACF  \\$aPrevious copyright fee: GBP17.00$c1\0$e01-jan-2010$fGBP17.00$g0$hP$5Uk
=ACF  \\$aPrevious copyright fee: GBP16.00$c1\0$e01-jan-2009$fGBP16.00$g0$hP$5Uk
=ACF  \\$aPrevious copyright fee: GBP15.00$c1\0$e01-apr-2008$fGBP15.00$g0$hP$5Uk
=ACF  \\$aPrevious copyright fee: GBP16.00$c1\0$e01-jan-2007$fGBP16.00$g0$hP$5Uk
=ACF  \\$aPrevious copyright fee: GBP13.00$c1\0$e01-jan-2005$fGBP13.00$g0$hP$5Uk
=ACF  \\$aPrevious copyright fee: GBP11.00$c1\0$e01-jan-2004$fGBP11.00$g0$hP$5Uk
=ACF  \\$aCurrent copyright fee: GBP10.00$c1\0$e20-feb-2003$fGBP10.00$g0$hP$5Uk
=ACF  \\$aPrevious copyright fee: GBP21.00$c1\0$e01-jan-2011$fGBP21.00$g0$hP$5Uk
=ACF  \\$aPrevious copyright fee: GBP23.00$c1\0$e01-jan-2012$fGBP23.00$g0$hP$5Uk
=ACF  \\$aPrevious copyright fee: GBP23.50$c1\0$e01-jan-2013$fGBP23.50$g0$hP$5Uk
=ACF  \\$aPrevious copyright fee: GBP24.00$c1\0$e01-jan-2014$fGBP24.00$g0$hP$5Uk
=ACF  \\$aPrevious copyright fee: GBP25.00$c1\0$e01-jan-2015$fGBP25.00$g0$hP$5Uk
=ACF  \\$aPrevious copyright fee: GBP26.00$c1\0$e01-jan-2016$fGBP26.00$g0$hP$5Uk
=ACF  \\$aPrevious copyright fee: GBP28.00$c1\0$e01-jan-2017$fGBP28.00$g0$hP$5Uk
=ACF  \\$aPrevious copyright fee: GBP30.00$c1\0$e01-jan-2018$fGBP30.00$g0$hP$5Uk
=ACF  \\$aPrevious copyright fee: GBP32.00$c1\0$e01-jan-2019$fGBP32.00$g0$hP$5Uk
=ACF  \\$aPrevious copyright fee: GBP34.00$c1\0$e01-jan-2020$fGBP34.00$g0$hP$5Uk
=ACF  \\$aPrevious copyright fee: GBP35.00$c1\0$e01-jan-2021$fGBP35.00$g0$hP$5Uk
=CAT  \\$aWR09-126
=CAT  \\$aBATCH-UPD$b00$c20141124$lBLL01$h1741
=CAT  \\$aBLDSS-3PM$b00$c20141130$lBLL01$h1246
=CAT  \\$aIPL-CLA$c20141231$lBLL01$h1645
=CAT  \\$a11205$b40$c20150724$lBLL01$h1408
=CAT  \\$a10973$b40$c20150727$lBLL01$h0941
=CAT  \\$a10973$b40$c20150729$lBLL01$h0926
=CAT  \\$aBATCH-UPD$b40$c20151119$lBLL01$h1520
=CAT  \\$a5110$b40$c20151216$lBLL01$h1405
=CAT  \\$aIPL-CLA$c20151231$lBLL01$h1912
=CAT  \\$aBATCH-UPD$b00$c20160413$lBLL01$h1808
=CAT  \\$aBATCH-UPD$b00$c20161122$lBLL01$h1443
=CAT  \\$aBATCH-UPD$b00$c20161122$lBLL01$h1445
=CAT  \\$aIPL-CLA$c20161230$lBLL01$h1929
=CAT  \\$aBATCH-UPD$b00$c20171121$lBLL01$h1622
=CAT  \\$aIPL-CLA$c20171231$lBLL01$h1500
=CAT  \\$aBATCH-UPD$b00$c20181217$lBLL01$h1628
=CAT  \\$aIPL-CLA$c20181231$lBLL01$h1536
=CAT  \\$aBATCH-UPD$b00$c20191122$lBLL01$h1841
=CAT  \\$aIPL-CLA$c20191231$lBLL01$h1817
=CAT  \\$aBATCH-UPD$b00$c20201118$lBLL01$h1323
=CAT  \\$aIPL-CLA$c20201231$lBLL01$h1523
=CAT  \\$aBATCH-UPD$b00$c20221121$lBLL01$h1318
=CAT  \\$aIPL-CLA$c20221231$lBLL01$h1438
=CAT  \\$aR2308-1440$c20230824$lBLL01$h0926
=CAT  \\$aIPL-CLA$c20230930$lBLL01$h0803
=CFI  0\$aCurrent copyright fee: GBP37.00$c2\0$e01-oct-2023$fGBP37.00$g0$hP$5Uk
=CFI  2\$aPrevious copyright fee: GBP37.00$c1\0$e01-jan-2023$fGBP37.00$g0$hP$5Uk
=FFP  \\$aY$bBLDSS-3PM
=FIN  \\$aY
=FMT  \\$a  SE
=LAS  \\$aIPL-CLA$b00$c20230930$lBLL01$h0803
=LEO  \\$aMP5.0000023303
=LEO  \\$aMP10.0000250020
=LEO  \\$aMP13.0000237796
=LEO  \\$aMP22.0000068782
=LET  \0$aGlobalisation, societies and education (Print)
=LKR  \\$aPAR$b013355839$lBLL01$r776$mGlobalisation, societies and education (Print)$nGlobalisation, societies and education (Online)
=SRC  \\$aBNB03$bbibmp5.200404.2.aa
=SRC  \\$aDSS01$bbibmp10.200404.2.aa
=SRC  \\$aHSS01$bbibmp13.200404.2.aa
=SRC  \\$aISN01$bbibmp22.200404.2.aa
=TCO  \\$aCLA$bCLA$c008
=TOC  \\$aETOC

