=LDR  04415cas a2201105 a 4500
=001  009920748
=003  Uk
=005  20221231193434.0
=006  aa\\\|||||||||||||
=007  ta
=008  040303d20032005enkqr\p\\\\\\\0\\\a0eng\\
=015  \\$aGBA412676$2bnb
=019  y\$abA412676
=019  9\$abA412676
=019  c\$a3014067
=019  1\$abA412676
=022  0\$a1479-7984
=039  0\$a2779
=040  \\$aUk$beng$cUk
=082  04$a266.005$222
=222  \0$aRethinking mission
=245  00$aRethinking mission.
=260  \\$aLondon :$bUSPG,$c2003-2005.
=300  \\$a3 v. :$bcol. ill. ;$c21 cm.
=310  \\$aQuarterly
=336  \\$atext$2rdacontent
=337  \\$aunmediated$2rdamedia
=338  \\$avolume$2rdacarrier
=362  0\$aVol. 1, no. 1 (spring 2003)-v. 3, no. 4 (winter 2005)
=500  \\$aPublished jointly by USPG, the Methodist Church and UCA.
=540  \\$aCurrent Copyright Fee: GBP25.00$c0$5Uk
=595  \\$aFORMERLY 8820.135N SEE ALSO 8820.135N FOR CUL HOLDINGS SEE ALSO CARD INDEX.
=650  \0$aMissions$vPeriodicals.
=710  2\$aUnited Society for the Propagation of the Gospel.
=710  2\$aMethodist Church (Great Britain)
=710  2\$aUnited College of the Ascension.
=730  0\$aThinking mission,$x0143-8514.
=780  00$tThinking mission$x0143-8514
=785  00$tRethinking mission$c(Online)$x1747-454X
=852  41$aBritish Library$bHMNTS$jP.101/934$3Vol. 1, no. 1 (spring 2003)-Volume 3 Issue 4 2005.
=886  2\$2blmarc$a092$b00$a7785.509850n
=945  \\$aRETHINKING MISSION.
=979  \\$aBritish Library$bDSC$j7785.509850N$xNot selected
=985  \\$aResponsibility for ISSN transferred to IC from ISSN UK Centre, 02.02.07
=A02  \\$a3014067
=ACF  \\$aPrevious copyright fee: GBP9.00$c0$e01-apr-2010$fGBP9.00$g0$hA$5Uk
=ACF  \\$aPrevious copyright fee: GBP6.00$c0$e01-apr-2008$fGBP6.00$g0$hA$5Uk
=ACF  \\$aPrevious copyright fee: GBP5.00$c0$e12-jun-2003$fGBP5.00$g0$hA$5Uk
=ACF  \\$aPrevious copyright fee: GBP10.50$c0$e01-jan-2011$fGBP10.50$g0$hA$5Uk
=ACF  \\$aPrevious copyright fee: GBP12.00$c0$e01-jan-2012$fGBP12.00$g0$hA$5Uk
=ACF  \\$aPrevious Copyright Fee: GBP12.30$c0$e01-jan-2014$fGBP12.30$g0$hA$5Uk
=ACF  \\$aPrevious Copyright Fee: GBP15.00$c0$e01-jan-2017$fGBP15.00$g0$hA$5Uk
=ACF  \\$aPrevious Copyright Fee: GBP17.50$c0$e01-jan-2018$fGBP17.50$g0$hA$5Uk
=ACF  \\$aPrevious Copyright Fee: GBP20.00$c0$e01-jan-2020$fGBP20.00$g0$hA$5Uk
=CAT  \\$aWR09-126
=CAT  \\$aBATCH-UPD$b00$c20100331$lBLL01$h2205
=CAT  \\$aBATCH-UPD$b00$c20100401$lBLL01$h0139
=CAT  \\$aBATCH$b00$c20100401$lBLL01$h0440
=CAT  \\$aBATCH$b00$c20100401$lBLL01$h1501
=CAT  \\$aBATCH-UPD$b00$c20101124$lBLL01$h1839
=CAT  \\$aBATCH-UPD$b00$c20101125$lBLL01$h1059
=CAT  \\$aIPL-CLA$c20101231$lBLL01$h1331
=CAT  \\$aWR11_203$c20111204$lBLL01$h1400
=CAT  \\$aIPL-CLA$c20111230$lBLL01$h1831
=CAT  \\$aBATCH-CLA$b00$c20121105$lBLL01$h1749
=CAT  \\$aWR13.005$c20130323$lBLL01$h1417
=CAT  \\$aBATCH-CLA$c20131218$lBLL01$h2238
=CAT  \\$aIPL-CLA$c20131231$lBLL01$h2056
=CAT  \\$aWR14_140$c20140905$lBLL01$h1740
=CAT  \\$aBATCH-CLA$b00$c20161222$lBLL01$h1728
=CAT  \\$aIPL-CLA$c20161230$lBLL01$h1929
=CAT  \\$aBATCH-CLA$b00$c20171222$lBLL01$h2031
=CAT  \\$aIPL-CLA$c20171231$lBLL01$h1500
=CAT  \\$aBATCH-CLA$b00$c20191219$lBLL01$h1654
=CAT  \\$aIPL-CLA$c20191231$lBLL01$h1817
=CAT  \\$aR2001-1524$c20200127$lBLL01$h1940
=CAT  \\$aBATCH-CLA$b00$c20201204$lBLL01$h1451
=CAT  \\$aIPL-CLA$c20201231$lBLL01$h2024
=CAT  \\$aBATCH-CLA$b00$c20221221$lBLL01$h1757
=CAT  \\$aIPL-CLA$c20221231$lBLL01$h1934
=CFI  0\$aCurrent Copyright Fee: GBP25.00$c0$e01-jan-2023$fGBP25.00$g0$hA$5Uk
=CFI  2\$aPrevious Copyright Fee: GBP22.50$c0$e01-jan-2021$fGBP22.50$g0$hA$5Uk
=FIN  \\$aY
=FMT  \\$a  SE
=LAS  \\$aIPL-CLA$b00$c20221231$lBLL01$h1934
=LEO  \\$aMP5.0000029668
=LEO  \\$aMP10.0000504927
=LEO  \\$aMP13.0000239871
=LEO  \\$aMP22.0000070574
=LKR  \\$aPAR$b010547334$lBLL01$r78000$mRethinking mission$nThinking mission
=SRC  \\$aBNB03$bbibmp5.200404.2.aa
=SRC  \\$aDSS01$bbibmp10.200404.2.aa
=SRC  \\$aHSS01$bbibmp13.200404.2.aa
=SRC  \\$aISN01$bbibmp22.200404.2.aa
=TCO  \\$aCLA$bCLA$c008

