=LDR  05287cas a2201213 a 4500
=001  009920893
=003  Uk
=005  20221231143842.0
=007  ta
=008  040407c20039999enkqr\p\\\\\\\0\\\a0eng\\
=015  \\$aGBA417946$2bnb
=019  y\$abA417946
=019  9\$abA417946
=019  c\$a3015075
=019  1\$abA417946
=022  0\$a1479-4012
=039  0\$a2782
=040  \\$aUk$cUk$dUk
=042  \\$aukblsr
=082  04$a303.4821713005$222
=222  \0$aJournal of transatlantic studies$b(Print)
=245  04$aThe journal of transatlantic studies.
=260  \\$aEdinburgh :$bEdinburgh University Press,$c2003-
=264  31$aAbingdon :$bRoutledge, Taylor & Francis
=300  \\$av. :$bill. ;$c24 cm.
=310  \\$aQuarterly,$b2009-
=321  \\$aTwo issues yearly
=336  \\$atext$2rdacontent
=337  \\$aunmediated$2rdamedia
=338  \\$avolume$2rdacarrier
=362  0\$aVol. 1, no. 1 (spring 2003)-
=540  \\$aCurrent copyright fee: GBP29.95$c22\1$5Uk
=588  \\$aLatest issue consulted: volume 12, issue 2 (June 2014).
=610  24$aNorth Atlantic Treaty Organization$vPeriodicals.
=651  \0$aEuropean Union countries$xRelations$zNorth America$vPeriodicals.
=651  \0$aEuropean Union countries$xRelations$zUnited States$vPeriodicals.
=651  \0$aUnited States$xRelations$zEuropean Union countries$vPeriodicals.
=651  \0$aNorth America$xRelations$zEuropean Union countries$vPeriodicals.
=690  7\$aSocial Welfare$2blcoll
=710  2\$aTransatlantic Studies Association.
=776  08$iAlso issued online as:$tJournal of transatlantic studies$x1754-1018
=852  41$aBritish Library$bHMNTS$jZC.9.a.6909$3Vol. 1, no. 1 (spring 2003)-v. 13, no. 4 (Dec. 2015)***title now taken as electronic copy only
=852  41$aBritish Library$bDSC$j5069.792000$3Vol. 1, no. 1 (2003)-v. 9, no. 4 (2011)***UKRR Retained Title
=856  \\$31850-9999$uhttp://www.tandfonline.com/$xBLDSS
=945  \\$aJournal of transatlantic studies
=959  \\$fHeld but not currently received
=985  \\$aISSN note: responsibility for ISSN transferred from UK to US under a multinational publisher agreement, 30.06.14. ISSN for online format already US responsibility.
=A02  \\$a3015075
=ACF  \\$aPrevious copyright fee: GBP17.00$c2\0$e01-jan-2010$fGBP17.00$g0$hP$5Uk
=ACF  \\$aPrevious copyright fee: GBP16.00$c2\0$e16-jul-2009$fGBP16.00$g0$hP$5Uk
=ACF  \\$aPrevious Copyright Fee: GBP6.00$c0$e01-jan-2008$fGBP6.00$g0$hC$5Uk
=ACF  \\$aPrevious copyright fee: GBP5.00$c0$e12-jun-2003$fGBP5.00$g0$hA$5Uk
=ACF  \\$aPrevious copyright fee: GBP21.00$c2\0$e01-jan-2011$fGBP21.00$g0$hP$5Uk
=ACF  \\$aPrevious copyright fee: GBP23.00$c2\0$e01-jan-2012$fGBP23.00$g0$hP$5Uk
=ACF  \\$aPrevious copyright fee: GBP23.50$c2\0$e01-jan-2013$fGBP23.50$g0$hP$5Uk
=ACF  \\$aPrevious copyright fee: GBP24.00$c2\0$e01-jan-2014$fGBP24.00$g0$hP$5Uk
=ACF  \\$aPrevious copyright fee: GBP25.00$c2\0$e01-jan-2015$fGBP25.00$g0$hP$5Uk
=ACF  \\$aPrevious copyright fee: GBP26.00$c2\0$e01-jan-2016$fGBP26.00$g0$hP$5Uk
=ACF  \\$aPrevious copyright fee: GBP28.00$c2\0$e01-jan-2017$fGBP28.00$g0$hP$5Uk
=ACF  \\$aPrevious copyright fee: GBP32.00$c2\0$e01-jan-2019$fGBP32.00$g0$hP$5Uk
=ACF  \\$aPrevious copyright fee: GBP30.00$c2\0$e01-jan-2018$fGBP30.00$g0$hP$5Uk
=CAT  \\$aWR09-126
=CAT  \\$aIPL-CLA$c20130102$lBLL01$h1703
=CAT  \\$aBATCH-UPD$b00$c20131119$lBLL01$h1958
=CAT  \\$aIPL-CLA$c20131231$lBLL01$h2056
=CAT  \\$aBATCH-CLA$b00$c20140125$lBLL01$h1320
=CAT  \\$aBATCH-CLA$c20140225$lBLL01$h2316
=CAT  \\$a11315$b40$c20140625$lBLL01$h1109
=CAT  \\$a11315$b40$c20140630$lBLL01$h0907
=CAT  \\$aBATCH-UPD$b40$c20141124$lBLL01$h1800
=CAT  \\$aBLDSS-3PM$b00$c20141130$lBLL01$h1246
=CAT  \\$aIPL-CLA$c20141231$lBLL01$h1645
=CAT  \\$aBATCH-UPD$b00$c20151119$lBLL01$h1541
=CAT  \\$a11315$b40$c20151201$lBLL01$h1413
=CAT  \\$aIPL-CLA$c20151231$lBLL01$h1912
=CAT  \\$aBATCH-UPD$b00$c20160708$lBLL01$h1039
=CAT  \\$aBATCH-UPD$b00$c20161122$lBLL01$h1510
=CAT  \\$aIPL-CLA$c20161230$lBLL01$h1929
=CAT  \\$aBATCH-UPD$b00$c20171121$lBLL01$h1645
=CAT  \\$aIPL-CLA$c20171231$lBLL01$h1500
=CAT  \\$aBATCH-UPD$b00$c20181217$lBLL01$h1636
=CAT  \\$aIPL-CLA$c20181231$lBLL01$h1536
=CAT  \\$a5552$b40$c20190212$lBLL01$h0753
=CAT  \\$aBATCH-UPD$b40$c20190212$lBLL01$h2344
=CAT  \\$a11315$b40$c20210826$lBLL01$h0956
=CAT  \\$aBATCH-UPD$b40$c20221121$lBLL01$h1358
=CAT  \\$aIPL-CLA$c20221231$lBLL01$h1438
=CFI  0\$aCurrent copyright fee: GBP29.95$c22\1$e01-jan-2023$fGBP29.95$g0$hP$5Uk
=CFI  2\$aPrevious copyright fee: GBP34.00$c22\1$e12-feb-2019$fGBP34.00$g0$hP$5Uk
=FFP  \\$aY$bBLDSS-3PM
=FIN  \\$aY
=FMT  \\$a  SE
=LAS  \\$aIPL-CLA$b00$c20221231$lBLL01$h1438
=LEO  \\$aMP5.0000030345
=LEO  \\$aMP10.0000326315
=LEO  \\$aMP13.0000240032
=LEO  \\$aMP22.0000070333
=SRC  \\$aBNB03$bbibmp5.200404.2.aa
=SRC  \\$aDSS01$bbibmp10.200404.2.aa
=SRC  \\$aHSS01$bbibmp13.200404.2.aa
=SRC  \\$aISN01$bbibmp22.200404.2.aa
=TCO  \\$aCLA$bCLA$c008
=TOC  \\$aETOC
=UNO  \\$aY

