=LDR  05016cas a2201129 a 4500
=001  009921753
=003  Uk
=005  20221231193441.0
=007  ta
=008  760509d19762007enkbr\p\\\\\\\0\\\a0eng\\
=015  \\$aGB7613833$2bnb
=019  y\$aB7613833
=019  9\$ab7613833
=019  1\$ab7613833
=019  c\$a2041786
=022  0\$a0308-4477
=040  \\$aUk$cUk$dUk
=050  00$aN8560
=082  04$a069.530621$218
=130  0\$aBulletin (International Institute for Conservation of Historic and Artistic Works)
=210  0\$aBull. - Int. Inst. Conserv. Hist. Artist. Works
=222  \0$aBulletin - International Institute for Conservation of Historic and Artistic Works
=245  10$aBulletin /$cthe International Institute for Conservation of Historic and Artistic Works.
=246  13$aIIC bulletin
=246  30$aI.I.C. bulletin
=260  \\$a[London] :$b[International Institute for Conservation of Historic and Artistic Works],$c1976-2007.
=300  \\$av. ;$c23 cm.
=310  \\$aSix issues yearly
=336  \\$atext$2rdacontent
=337  \\$aunmediated$2rdamedia
=338  \\$avolume$2rdacarrier
=362  0\$aVol. 1, no. 1/2 (Mar. 1976)-v. 10, no. 6 (Dec. 1985) ; 1986, no. 1 (Feb.)-2007, no. 3 (Jun.)
=540  \\$aCurrent Copyright Fee: GBP25.00$c0$5Uk
=595  \\$aFORMERLY 1580.116N SEE ALSO CARD INDEX.
=610  20$aInternational Institute for Conservation of Historic and Artistic Works$vPeriodicals.
=650  \0$aArt$xConservation and restoration$vPeriodicals.
=710  2\$aInternational Institute for Conservation of Historic and Artistic Works.
=780  00$tIIC news$x0536-1737
=785  00$tNews in conservation
=852  41$aBritish Library$bDSC$j2587.775000$3VOL. 12(1), 1971 *A=1; 1987(6)- 1997(1) *A=1; 1998(3) *A=1; 1999(1) *A=1; 2000(3) *A=1; 2000(6) *A=1; 2001(4) *A=1; 2002(2) *A=1; 2002(6) *A=1; 2003(1)- 2003(2) *A=1; 2003(4) *A=1; 2003(6) *A=1; 2004(2) *A=1
=852  41$aBritish Library$bHMNTS$jP.421/706
=945  \\$aBULLETIN- INTERNATIONAL INSTITUTE FOR CONSERVATION OF HISTORIC AND ARTISTIC WORKS -LONDON-.
=959  \\$fHeld but not currently received
=963  \\$aVOL. 1, 1976- *A=1 SEE ALSO L908:1.B.134$bY$cL908:1.C.19
=964  \\$a[19?]- *A=1$c069$eTL54591
=985  \\$aRecord merged by DQ team.
=985  \\$aResponsibility for ISSN transferred to the IC from ISSN UK, 16.07.07
=A02  \\$a2041786
=ACF  \\$aPrevious copyright fee: GBP5.00$c0$e01-jul-2002$fGBP5.00$g0$hC$5Uk
=ACF  \\$aCurrent copyright fee: GBP4.40$c0$e01-jul-1998$fGBP4.40$g0$hA$5Uk
=ACF  \\$aCurrent copyright fee: GBP4.20$c0$e01-apr-1997$fGBP4.20$g0$hA$5Uk
=ACF  \\$aPrevious copyright fee: GBP10.50$c0$e01-jan-2011$fGBP10.50$g0$hA$5Uk
=ACF  \\$aPrevious copyright fee: GBP12.00$c0$e01-jan-2012$fGBP12.00$g0$hA$5Uk
=ACF  \\$aPrevious Copyright Fee: GBP12.30$c0$e01-jan-2014$fGBP12.30$g0$hA$5Uk
=ACF  \\$aPrevious Copyright Fee: GBP15.00$c0$e01-jan-2017$fGBP15.00$g0$hA$5Uk
=ACF  \\$aPrevious Copyright Fee: GBP17.50$c0$e01-jan-2018$fGBP17.50$g0$hA$5Uk
=ACF  \\$aPrevious Copyright Fee: GBP20.00$c0$e01-jan-2020$fGBP20.00$g0$hA$5Uk
=CAT  \\$aCONV$b00$c20040425$lBLL90$h0723
=CAT  \\$a8874$b40$c20051014$lBLL01$h0837
=CAT  \\$aglobal_upd$b40$c20060417$lBLL01$h1721
=CAT  \\$a6537$b40$c20070716$lBLL01$h1441
=CAT  \\$a10806$b40$c20080225$lBLL01$h1439
=CAT  \\$a10806$b40$c20080229$lBLL01$h1118
=CAT  \\$aBATCH-UPD$b40$c20101201$lBLL01$h1228
=CAT  \\$aIPL-CLA$c20101231$lBLL01$h1331
=CAT  \\$aWR11_203$c20111204$lBLL01$h1400
=CAT  \\$aIPL-CLA$c20111230$lBLL01$h1831
=CAT  \\$aBATCH-CLA$b00$c20121105$lBLL01$h1749
=CAT  \\$aWR13.005$c20130323$lBLL01$h1418
=CAT  \\$aBATCH-CLA$c20131218$lBLL01$h2238
=CAT  \\$aIPL-CLA$c20131231$lBLL01$h2056
=CAT  \\$aWR14_140$c20140905$lBLL01$h1740
=CAT  \\$aBATCH-CLA$b00$c20161222$lBLL01$h1728
=CAT  \\$aIPL-CLA$c20161230$lBLL01$h1929
=CAT  \\$aBATCH-CLA$b00$c20171222$lBLL01$h2031
=CAT  \\$aIPL-CLA$c20171231$lBLL01$h1500
=CAT  \\$aBATCH-CLA$b00$c20191219$lBLL01$h1654
=CAT  \\$aIPL-CLA$c20191231$lBLL01$h1817
=CAT  \\$aR2001-1524$c20200127$lBLL01$h1940
=CAT  \\$aBATCH-CLA$b00$c20201204$lBLL01$h1451
=CAT  \\$aIPL-CLA$c20201231$lBLL01$h2024
=CAT  \\$aBATCH-CLA$b00$c20221221$lBLL01$h1757
=CAT  \\$aIPL-CLA$c20221231$lBLL01$h1934
=CFI  0\$aCurrent Copyright Fee: GBP25.00$c0$e01-jan-2023$fGBP25.00$g0$hA$5Uk
=CFI  2\$aPrevious Copyright Fee: GBP22.50$c0$e01-jan-2021$fGBP22.50$g0$hA$5Uk
=FIN  \\$aY
=FMT  \\$a  SE
=LAS  \\$aIPL-CLA$b00$c20221231$lBLL01$h1934
=LEO  \\$aMP3.0000004411
=LEO  \\$aMP13.0000240934
=LEO  \\$aMP22.0000021074
=LEO  \\$aMP10.0000118371
=SRC  \\$aDSS01$bbibmp10.200404.2.aa
=SRC  \\$aISN01$bbibmp22.200404.2.aa
=SRC  \\$aBNB02$bbibmp3.200404.2.aa
=SRC  \\$aHSS01$bbibmp13.200404.2.aa
=TCO  \\$aCLA$bCLA$c008

