=LDR  04568cas a2201141 i 4500
=001  010181796
=003  Uk
=005  20211231153829.0
=006  aa\\\|||||||||||||
=007  ta
=008  801117c19809999ne\mr\p\\\\\\\0\\\a0eng\\
=015  \\$aGB8038330$2bnb
=019  c\$a2062814
=019  y\$aB8038330
=019  9\$ab8038330
=019  0\$as162463006
=022  0\$a0143-7208
=040  \\$aUk$cUk$dUk
=082  04$a667.205$218
=084  \\$aM 00$2blsrissc
=210  0\$aDyes pigm.
=222  \0$aDyes and pigments
=245  00$aDyes and pigments.
=260  \\$aLondon :$bApplied Science Publishers Ltd,$c1980-
=264  31$aAmsterdam :$bElsevier
=300  \\$av. :$bill. ;$c25 cm.
=310  \\$aMonthly
=321  \\$aQuarterly
=336  \\$atext$2rdacontent
=337  \\$aunmediated$2rdamedia
=338  \\$avolume$2rdacarrier
=362  0\$aVol. 1, no. 1 (July/Sept. 1980)-
=540  \\$aCurrent copyright fee: GBP34.30$c5\1$5Uk
=588  \\$aLatest issue consulted: vol. 112 (January 2015).
=650  \0$aDyes and dyeing$vPeriodicals.
=650  \0$aPigments$vPeriodicals.
=653  \\$aDyes & pigments$aPeriodicals
=776  08$iAlso issued online as:$tDyes and pigments$x1873-3743
=852  41$aBritish Library$bDSC$j3635.600000$3Vol. 1 (1980)-v. 84, no. 2 (2010)***UKRR Retained Title***Stock incomplete
=852  71$aBritish Library$bSTI$k(P)$hM 00$m-E(2)$2blsrissc$3Vol. 1, 1980- v. 47, 2000
=852  41$aBritish Library$bHMNTS$jDZK.9.x.220$3Vol. 48, no. 1 (Jan. 2001)-V. 116(2015)***Title now taken as electronic copy
=856  \\$31850-9999$uhttp://www.elsevier.com/journals$xBLDSS
=945  \\$aDYES AND PIGMENTS.
=959  \\$fHeld but not currently received
=963  \\$aVOL. 1, 1980- *A=1$bN$cU
=985  \\$aRecord merged by DQ team
=985  \\$aISSN note: responsibility for ISSN transferred to ISSN Centrum Nederland under multinational publisher agreement. 13. 11.2014.
=ACF  \\$aPrevious copyright fee: GBP19.00$c5\5$e01-jan-2008$fGBP19.00$g0$hP$5Uk
=ACF  \\$aPrevious copyright fee: GBP18.00$c5\5$e01-apr-2004$fGBP18.00$g0$hP$5Uk
=ACF  \\$aCurrent copyright fee: GBP20.00$c5\5$e01-jan-2003$fGBP20.00$g0$hP$5Uk
=ACF  \\$aCurrent copyright fee: GBP15.00$c5\5$e01-jul-2002$fGBP15.00$g0$hP$5Uk
=ACF  \\$aPrevious copyright fee: GBP20.00$c5\1$e01-jan-2009$fGBP20.00$g0$hP$5Uk
=ACF  \\$aPrevious copyright fee: GBP21.00$c5\1$e01-jan-2012$fGBP21.00$g0$hP$5Uk
=ACF  \\$aPrevious copyright fee: GBP22.50$c5\1$e01-jan-2013$fGBP22.50$g0$hP$5Uk
=ACF  \\$aPrevious copyright fee: GBP23.40$c5\1$e01-jan-2018$fGBP23.40$g0$hP$5Uk
=CAT  \\$aCONV$b00$c20040425$lBLL90$h0848
=CAT  \\$aBATCH$b00$c20090101$lBLL01$h0150
=CAT  \\$aCDS-UPD$b40$c20091208$lBLL01$h2211
=CAT  \\$aCDS-UPD$b40$c20091208$lBLL01$h2233
=CAT  \\$aWR11_155$c20111021$lBLL01$h1325
=CAT  \\$aWR11_155$c20111114$lBLL01$h1645
=CAT  \\$aBATCH-UPD$b00$c20111123$lBLL01$h1850
=CAT  \\$aIPL-CLA$c20111230$lBLL01$h1832
=CAT  \\$aBATCH-CLA$b00$c20121105$lBLL01$h1748
=CAT  \\$aBATCH-UPD$b00$c20121121$lBLL01$h1654
=CAT  \\$aIPL-CLA$c20121231$lBLL01$h1255
=CAT  \\$aIPL-CLA$c20130102$lBLL01$h1703
=CAT  \\$aWR13.005$c20130323$lBLL01$h1518
=CAT  \\$aWR14_140$c20140905$lBLL01$h1741
=CAT  \\$a11315$b40$c20141112$lBLL01$h0951
=CAT  \\$a11315$b40$c20141113$lBLL01$h1518
=CAT  \\$aBLDSS-3PM$b00$c20141222$lBLL01$h1710
=CAT  \\$a5110$b40$c20150421$lBLL01$h1338
=CAT  \\$aBATCH-UPD$b40$c20160413$lBLL01$h1808
=CAT  \\$aBATCH-UPD$b40$c20170304$lBLL01$h1054
=CAT  \\$aBATCH-UPD$b40$c20171121$lBLL01$h1740
=CAT  \\$aIPL-CLA$c20171231$lBLL01$h1502
=CAT  \\$aBATCH-UPD$b00$c20190521$lBLL01$h1432
=CAT  \\$aIPL-CLA$c20190630$lBLL01$h1528
=CAT  \\$aBATCH-UPD$b00$c20211119$lBLL01$h1550
=CAT  \\$aIPL-CLA$c20211231$lBLL01$h1538
=CFI  0\$aCurrent copyright fee: GBP34.30$c5\1$e01-jan-2022$fGBP34.30$g0$hP$5Uk
=CFI  2\$aPrevious copyright fee: GBP32.84$c5\1$e01-jul-2019$fGBP32.84$g0$hP$5Uk
=EST  \\$a2
=FFP  \\$aY$bBLDSS-3PM
=FIN  \\$aY
=FMT  \\$a  SE
=LAS  \\$aIPL-CLA$b00$c20211231$lBLL01$h1538
=LEO  \\$aMP5.0000510852
=LEO  \\$aMP25.0000063618
=LEO  \\$aMP10.0000197616
=LEO  \\$aMP22.0000006782
=SRC  \\$aBNB03$bbibmp5.200404.2.aa
=SRC  \\$aSRI01$bbibmp25.200404.2.aa
=SRC  \\$aDSS01$bbibmp10.200404.2.aa
=SRC  \\$aISN01$bbibmp22.200404.2.aa
=TCO  \\$aCLA$bCLA$c008
=TOC  \\$aETOC

