=LDR  04828cas a2201093 a 4500
=001  010186038
=003  Uk
=005  20230210005235.0
=007  ta
=008  880802d1987200uenkux\m\\\\\\\0\\\a0eng\\
=019  c\$a2436139
=022  1\$a0267-7113
=040  \\$aUk$beng$cUk$dUK
=042  \\$aukblsr
=082  04$a301.05$222
=222  \0$aSociological notes
=245  00$aSociological notes.
=260  \\$aLondon :$bLibertarian Alliance,$c1987-
=300  \\$av. ;$ccm.
=310  \\$aIrregular
=336  \\$atext$2rdacontent
=337  \\$aunmediated$2rdamedia
=338  \\$avolume$2rdacarrier
=362  0\$aNo. 1 (1987)-
=540  \\$aCurrent Copyright Fee: GBP25.00$c0$5Uk
=580  \\$aSubsequently issued online only.
=650  \0$aSociology$vPeriodicals.
=710  2\$aLibertarian Alliance.
=776  0\$tSociological notes (Online)$x2042-2806
=785  10$tSociological notes (Online)$x2042-2806
=852  41$aBritish Library$bHMNTS$jZC.9.b.2588
=945  \\$aSOCIOLOGICAL NOTES- LIBERTARIAN ALLIANCE.
=963  \\$aNO. 7, 1990- *A=1$bN$cU
=979  \\$aBritish Library$bDSC$j8319.629750N
=985  \\$aResponsibility for ISSN transferred to ISSN International Centre from ISSN UK Centre, 04/03/11.
=ACF  \\$aPrevious Copyright Fee: GBP12.00$c0$e01-apr-2012$fGBP12.00$g0$hC$5Uk
=ACF  \\$aPrevious Copyright Fee: GBP12.00$c0$e01-jan-2012$fGBP12.00$g0$hC$5Uk
=ACF  \\$aPrevious Copyright Fee: GBP10.50$c0$e01-oct-2011$fGBP10.50$g0$hC$5Uk
=ACF  \\$aPrevious Copyright Fee: GBP10.50$c0$e01-jul-2011$fGBP10.50$g0$hC$5Uk
=ACF  \\$aPrevious Copyright Fee: GBP10.50$c0$e01-apr-2011$fGBP10.50$g0$hC$5Uk
=ACF  \\$aPrevious Copyright Fee: GBP10.50$c0$e01-jan-2011$fGBP10.50$g0$hC$5Uk
=ACF  \\$aPrevious Copyright Fee: GBP9.00$c0$e01-oct-2010$fGBP9.00$g0$hC$5Uk
=ACF  \\$aPrevious Copyright Fee: GBP9.00$c0$e01-jul-2010$fGBP9.00$g0$hC$5Uk
=ACF  \\$aPrevious Copyright Fee: GBP9.00$c0$e01-apr-2010$fGBP9.00$g0$hC$5Uk
=ACF  \\$aPrevious Copyright Fee: GBP9.00$c0$e01-Jan-2010$fGBP9.00$g0$hC$5Uk
=ACF  \\$aPrevious Copyright Fee: GBP6.00$c0$e01-oct-2009$fGBP6.00$g0$hC$5Uk
=ACF  \\$aPrevious copyright fee: GBP5.00$c0$e01-jan-2003$fGBP5.00$g0$hC$5Uk
=ACF  \\$aBritish Library not licensed to copy$c0$e24-may-2002$g0$hC$iCLA-excluded$5Uk
=ACF  \\$aCurrent copyright fee: GBP4.40$c0$e01-jul-1998$fGBP4.40$g0$hA$5Uk
=ACF  \\$aPrevious Copyright Fee: GBP12.00$c0$e01-jul-2012$fGBP12.00$g0$hC$5Uk
=ACF  \\$aPrevious Copyright Fee: GBP12.00$c0$e01-oct-2012$fGBP12.00$g0$hC$5Uk
=ACF  \\$aPrevious Copyright Fee: GBP12.30$c0$e01-jan-2014$fGBP12.30$g0$hC$5Uk
=ACF  \\$aPrevious Copyright Fee: GBP15.00$c0$e01-jan-2017$fGBP15.00$g0$hC$5Uk
=ACF  \\$aPrevious Copyright Fee: GBP17.50$c0$e01-jan-2018$fGBP17.50$g0$hC$5Uk
=ACF  \\$aPrevious Copyright Fee: GBP20.00$c0$e01-jan-2020$fGBP20.00$g0$hC$5Uk
=ACF  \\$aPrevious Copyright Fee: GBP22.50$c0$e01-jan-2021$fGBP22.50$g0$hC$5Uk
=CAT  \\$aCONV$b00$c20040425$lBLL90$h0849
=CAT  \\$aIPL-CLA$c20110630$lBLL01$h1524
=CAT  \\$aBATCH-CLA$b00$c20110831$lBLL01$h1806
=CAT  \\$aIPL-CLA$c20110930$lBLL01$h1525
=CAT  \\$aBATCH-CLA$b00$c20111130$lBLL01$h1216
=CAT  \\$aIPL-CLA$c20111230$lBLL01$h1832
=CAT  \\$aBATCH-CLA$b00$c20120229$lBLL01$h1631
=CAT  \\$aIPL-CLA$c20120330$lBLL01$h1412
=CAT  \\$aBATCH-CLA$b00$c20120531$lBLL01$h1712
=CAT  \\$aIPL-CLA$c20120629$lBLL01$h1009
=CAT  \\$aBATCH-CLA$b00$c20120831$lBLL01$h1530
=CAT  \\$aIPL-CLA$c20120930$lBLL01$h2035
=CAT  \\$aBATCH-CLA$b00$c20121105$lBLL01$h1748
=CAT  \\$aWR13.005$c20130323$lBLL01$h1518
=CAT  \\$aBATCH-CLA$b00$c20131129$lBLL01$h1638
=CAT  \\$aIPL-CLA$c20131231$lBLL01$h2059
=CAT  \\$aBATCH-CLA$b00$c20161130$lBLL01$h1638
=CAT  \\$aIPL-CLA$c20161230$lBLL01$h1931
=CAT  \\$aBATCH-CLA$b00$c20171130$lBLL01$h1650
=CAT  \\$aIPL-CLA$c20171231$lBLL01$h1502
=CAT  \\$aBATCH-CLA$b00$c20191129$lBLL01$h1615
=CAT  \\$aIPL-CLA$c20191231$lBLL01$h1819
=CAT  \\$aBATCH-CLA$b00$c20201126$lBLL01$h1405
=CAT  \\$aIPL-CLA$c20201231$lBLL01$h2026
=CAT  \\$aBATCH-CLA$b00$c20221130$lBLL01$h1434
=CAT  \\$aIPL-CLA$c20221231$lBLL01$h1937
=CAT  \\$aBATCH-CLA$b00$c20230209$lBLL01$h1521
=CAT  \\$aIPL-CLA$c20230210$lBLL01$h0052
=CFI  0\$aCurrent Copyright Fee: GBP25.00$c0$e09-feb-2023$fGBP25.00$g0$hC$5Uk
=CFI  2\$aBritish Library not licensed to copy$c0$e01-jan-2023$hC$iCFP Excluded$5Uk
=FIN  \\$aY
=FMT  \\$a  SE
=LAS  \\$aIPL-CLA$b00$c20230210$lBLL01$h0052
=LEO  \\$aMP10.0000539759
=LEO  \\$aMP22.0000015389
=SRC  \\$aDSS01$bbibmp10.200404.2.aa
=SRC  \\$aISN01$bbibmp22.200404.2.aa
=TCO  \\$aCLA$bCLA$c008

