=LDR  06176 as a22011533i 4500
=001  010187940
=003  Uk
=005  20201231202659.0
=007  ta
=008  040419d19721991enkgr\\\\\\\\\0\\\a0eng\\
=019  c\$a2152322
=022  0\$a0306-1736
=040  \\$aUk$cUk
=082  04$a378.3/4$218
=210  0\$aScholarsh. guide commonw postgrad. stud.
=222  \0$aScholarships guide for commonwealth postgraduate students
=245  00$aScholarships guide for commonwealth postgraduate students :$bscholarships, grants, assistantships, etc. open to graduates of Commonwealth universities who wish to undertake postgraduate (including postdoctoral) study or research at a Commonwealth university outside their own country.
=260  \\$aLondon :$bAssociation of Commonwealth Universities,$c1972-
=336  \\$atext$2rdacontent
=337  \\$aunmediated$2rdamedia
=338  \\$avolume$2rdacarrier
=540  \\$aBritish Library not licensed to copy$c0$5Uk
=595  \\$aCONTD AS 1840.561 1991/1993-
=710  2\$aAssociation of Commonwealth Universities.
=785  00$tAwards for postgraduate study at Commonwealth universities$x0960-7986
=852  41$aBritish Library$bDSC$j8092.540700
=945  \\$aScholarships guide for commonwealth postgraduate students.
=959  \\$fHeld but not currently received
=985  \\$aISSN responsibility taken by ISSN International Centre 18/4/07
=ACF  \\$aBritish Library not licensed to copy$c0$e01-apr-2012$hC$iCLA Excluded$5Uk
=ACF  \\$aBritish Library not licensed to copy$c0$e01-jan-2012$hC$iCLA Excluded$5Uk
=ACF  \\$aBritish Library not licensed to copy$c0$e01-oct-2011$hC$iCLA Excluded$5Uk
=ACF  \\$aBritish Library not licensed to copy$c0$e01-jul-2011$hC$iCLA Excluded$5Uk
=ACF  \\$aBritish Library not licensed to copy$c0$e01-apr-2011$hC$iCLA Excluded$5Uk
=ACF  \\$aBritish Library not licensed to copy$c0$e01-jan-2011$hC$iCLA Excluded$5Uk
=ACF  \\$aBritish Library not licensed to copy$c0$e01-oct-2010$hC$iCLA Excluded$5Uk
=ACF  \\$aBritish Library not licensed to copy$c0$e01-jul-2010$hC$iCLA Excluded$5Uk
=ACF  \\$aBritish Library not licensed to copy$c0$e01-apr-2010$hC$iCLA Excluded$5Uk
=ACF  \\$aBritish Library not licensed to copy$c0$e01-Jan-2010$hC$iCLA Excluded$5Uk
=ACF  \\$aBritish Library not licensed to copy$c0$e01-oct-2009$hC$iCLA Excluded$5Uk
=ACF  \\$aBritish Library not licensed to copy$c0$e01-jul-2009$hC$iCLA Excluded$5Uk
=ACF  \\$aBritish Library not licensed to copy$c0$e01-apr-2009$hC$iCLA Excluded$5Uk
=ACF  \\$aBritish Library not licensed to copy$c0$e01-jan-2009$hC$iCLA Excluded$5Uk
=ACF  \\$aBritish Library not licensed to copy$c0$e01-oct-2008$hC$iCLA Excluded$5Uk
=ACF  \\$aBritish Library not licensed to copy$c0$e01-jul-2008$hC$iCLA Excluded$5Uk
=ACF  \\$aBritish Library not licensed to copy$c0$e01-apr-2008$hC$iCLA Excluded$5Uk
=ACF  \\$aBritish Library not licensed to copy$c0$e01-jan-2008$hC$iCLA Excluded$5Uk
=ACF  \\$aBritish Library not licensed to copy$c0$e01-oct-2007$hC$iCLA Excluded$5Uk
=ACF  \\$aBritish Library not licensed to copy$c0$e01-jul-2007$hC$iCLA Excluded$5Uk
=ACF  \\$aBritish Library not licensed to copy$c0$e01-apr-2007$hC$iCLA Excluded$5Uk
=ACF  \\$aBritish Library not licensed to copy$c0$e01-jan-2007$hC$iCLA Excluded$5Uk
=ACF  \\$aBritish Library not licensed to copy$c0$e01-oct-2006$hC$iCLA Excluded$5Uk
=ACF  \\$aBritish Library not licensed to copy$c0$e01-jul-2006$hC$iCLA Excluded$5Uk
=ACF  \\$aBritish Library not licensed to copy$c0$e01-apr-2006$hC$iCLA Excluded$5Uk
=ACF  \\$aBritish Library not licensed to copy$c0$e01-jan-2006$hC$iCLA Excluded$5Uk
=ACF  \\$aBritish Library not licensed to copy$c0$e01-oct-2005$hC$iCLA Excluded$5Uk
=ACF  \\$aBritish Library not licensed to copy$c0$e01-jul-2005$hC$iCLA Excluded$5Uk
=ACF  \\$aBritish Library not licensed to copy$c0$e01-apr-2005$hC$iCLA Excluded$5Uk
=ACF  \\$aBritish Library not licensed to copy$c0$e01-jan-2005$hC$iCLA Excluded$5Uk
=ACF  \\$aBritish Library not licensed to copy$c0$e01-oct-2004$hC$iCLA Excluded$5Uk
=ACF  \\$aBritish Library not licensed to copy$c0$e01-jul-2012$hC$iCLA Excluded$5Uk
=ACF  \\$aBritish Library not licensed to copy$c0$e01-oct-2012$hC$iCFP Excluded$5Uk
=ACF  \\$aBritish Library not licensed to copy$c0$e01-jan-2014$hC$iCFP Excluded$5Uk
=CAT  \\$aCONV$b00$c20040425$lBLL90$h0849
=CAT  \\$aBATCH-CLA$b00$c20101115$lBLL01$h1607
=CAT  \\$aIPL-CLA$c20101231$lBLL01$h1332
=CAT  \\$aBATCH-CLA$b00$c20110228$lBLL01$h1555
=CAT  \\$aIPL-CLA$c20110331$lBLL01$h1444
=CAT  \\$aBATCH-CLA$b00$c20110531$lBLL01$h1651
=CAT  \\$aIPL-CLA$c20110630$lBLL01$h1525
=CAT  \\$aBATCH-CLA$b00$c20110831$lBLL01$h1816
=CAT  \\$aIPL-CLA$c20110930$lBLL01$h1526
=CAT  \\$aBATCH-CLA$b00$c20111130$lBLL01$h1214
=CAT  \\$aIPL-CLA$c20111230$lBLL01$h1833
=CAT  \\$aBATCH-CLA$b00$c20120229$lBLL01$h1627
=CAT  \\$aIPL-CLA$c20120330$lBLL01$h1412
=CAT  \\$aBATCH-CLA$b00$c20120531$lBLL01$h1725
=CAT  \\$aIPL-CLA$c20120629$lBLL01$h1010
=CAT  \\$aBATCH-CLA$b00$c20120831$lBLL01$h1554
=CAT  \\$aIPL-CLA$c20120930$lBLL01$h2036
=CAT  \\$aBATCH-CLA$b00$c20121105$lBLL01$h1748
=CAT  \\$aWR12_128$c20121113$lBLL01$h1839
=CAT  \\$aBATCH-CLA$b00$c20131129$lBLL01$h1703
=CAT  \\$aIPL-CLA$c20131231$lBLL01$h2059
=CAT  \\$a6537$b40$c20140113$lBLL01$h0924
=CAT  \\$aBATCH-CLA$b00$c20200903$lBLL01$h1620
=CAT  \\$aIPL-CLA$c20200930$lBLL01$h1641
=CAT  \\$aBATCH-CLA$b00$c20201126$lBLL01$h1418
=CAT  \\$aIPL-CLA$c20201231$lBLL01$h2026
=CFI  0\$aBritish Library not licensed to copy$c0$e01-jan-2021$hC$iCFP Excluded$5Uk
=CFI  2\$aPrevious Copyright Fee: GBP20.00$c0$e01-oct-2020$fGBP20.00$g0$hC$5Uk
=FIN  \\$aY
=FMT  \\$a  SE
=LAS  \\$aIPL-CLA$b00$c20201231$lBLL01$h2026
=LEO  \\$aMP10.0000522087
=LEO  \\$aMP22.0000018947
=SRC  \\$aDSS01$bbibmp10.200404.2.aa
=SRC  \\$aISN01$bbibmp22.200404.2.aa
=TCO  \\$aCLA$bCLA$c008

