=LDR  05535cas a2201201 a 4500
=001  010189608
=003  Uk
=005  20221231143854.0
=007  ta
=008  760721c19729999enkqn\p\\\\\\\0\\\a0eng\\
=019  c\$a2094097
=019  x\$a1684740096
=022  0\$a0308-6534
=040  \\$aUk$beng$cUk$dUk
=042  \\$aukblsr
=082  04$a900$222
=210  0\$aJ. imp. Commonw. hist.
=222  \0$aJournal of imperial and Commonwealth history
=245  00$aJournal of imperial and Commonwealth history.
=260  \\$aLondon. :$bFrank Cass & Co.,$c1972-
=264  31$aAbingdon :$bRoutledge Journals, an imprint of Taylor & Francis
=300  \\$av. ;$c23 cm.
=310  \\$aFive issues yearly
=321  \\$aThrice-annual
=336  \\$atext$2rdacontent
=337  \\$aunmediated$2rdamedia
=338  \\$avolume$2rdacarrier
=362  0\$aVol. 1, no. 1 (Oct. 1972)-
=540  \\$aCurrent copyright fee: GBP37.00$c2\0$5Uk
=588  \\$aLatest issue consulted: volume 41, number 3 (September 2013).
=651  \0$aCommonwealth of Nations$xHistory$vPeriodicals.
=651  \0$aGreat Britain$xColonies$xHistory$vPeriodicals.
=776  0\$tJournal of imperial and commonwealth history (Online)$x1743-9329
=852  41$aBritish Library$bHMNTS$jP.701/753.$3Vol. 1, no. 1 (1972)-v. 43, no. 5 (2015)***title now taken as electronic copy only
=852  41$aBritish Library$bDSC$j5005.050000$3Vol. 1, no. 1 (1972)-v. 39, no. 5 (2011)***UKRR Retained Title
=852  41$aBritish Library$bOC$jV 21369
=856  \\$31850-9999$uhttp://www.tandfonline.com/$xBLDSS
=945  \\$aJOURNAL OF IMPERIAL AND COMMONWEALTH HISTORY.
=959  \\$fHeld but not currently received
=963  \\$aVOL. 1, 1972- 21(2), 1993 *A=1$bY$cRCS.PER.1347
=985  \\$aISSN responsibility taken by US ISSN Center (multinational publisher), September 19 2013.
=985  \\$aCorrected by MS generated file for WR# 12.018
=985  \\$aRecord merged by DQ team
=A02  \\$a2094097
=ACF  \\$aPrevious copyright fee: GBP17.00$c2\0$e01-jan-2010$fGBP17.00$g0$hP$5Uk
=ACF  \\$aPrevious copyright fee: GBP16.00$c2\0$e01-jan-2009$fGBP16.00$g0$hP$5Uk
=ACF  \\$aPrevious copyright fee: GBP15.00$c2\0$e01-apr-2008$fGBP15.00$g0$hP$5Uk
=ACF  \\$aPrevious copyright fee: GBP16.00$c2\0$e01-jan-2007$fGBP16.00$g0$hP$5Uk
=ACF  \\$aPrevious copyright fee: GBP13.00$c2\0$e01-jan-2005$fGBP13.00$g0$hP$5Uk
=ACF  \\$aPrevious copyright fee: GBP11.00$c2\0$e01-jan-2004$fGBP11.00$g0$hP$5Uk
=ACF  \\$aCurrent copyright fee: GBP5.00$c0$e01-jul-2002$fGBP5.00$g0$hC$5Uk
=ACF  \\$aCurrent copyright fee: GBP0.84$c0$e01-jul-2001$fGBP0.84$g0$hC$5Uk
=ACF  \\$aPrevious copyright fee: GBP21.00$c2\0$e01-jan-2011$fGBP21.00$g0$hP$5Uk
=ACF  \\$aPrevious copyright fee: GBP23.00$c2\0$e01-jan-2012$fGBP23.00$g0$hP$5Uk
=ACF  \\$aPrevious copyright fee: GBP23.50$c2\0$e01-jan-2013$fGBP23.50$g0$hP$5Uk
=ACF  \\$aPrevious copyright fee: GBP24.00$c2\0$e01-jan-2014$fGBP24.00$g0$hP$5Uk
=ACF  \\$aPrevious copyright fee: GBP25.00$c2\0$e01-jan-2015$fGBP25.00$g0$hP$5Uk
=ACF  \\$aPrevious copyright fee: GBP26.00$c2\0$e01-jan-2016$fGBP26.00$g0$hP$5Uk
=ACF  \\$aPrevious copyright fee: GBP28.00$c2\0$e01-jan-2017$fGBP28.00$g0$hP$5Uk
=ACF  \\$aPrevious copyright fee: GBP30.00$c2\0$e01-jan-2018$fGBP30.00$g0$hP$5Uk
=ACF  \\$aPrevious copyright fee: GBP32.00$c2\0$e01-jan-2019$fGBP32.00$g0$hP$5Uk
=ACF  \\$aPrevious copyright fee: GBP34.00$c2\0$e01-jan-2020$fGBP34.00$g0$hP$5Uk
=CAT  \\$aCONV$b00$c20040425$lBLL90$h0849
=CAT  \\$aIPL-CLA$c20131231$lBLL01$h2100
=CAT  \\$aBATCH-CLA$b00$c20140125$lBLL01$h1319
=CAT  \\$aBATCH-CLA$c20140225$lBLL01$h2316
=CAT  \\$aBATCH-UPD$b00$c20141124$lBLL01$h1800
=CAT  \\$aBLDSS-3PM$b00$c20141130$lBLL01$h1246
=CAT  \\$aIPL-CLA$c20141231$lBLL01$h1645
=CAT  \\$aBATCH-UPD$b00$c20151119$lBLL01$h1541
=CAT  \\$aIPL-CLA$c20151231$lBLL01$h1912
=CAT  \\$a11316$b40$c20160120$lBLL01$h0823
=CAT  \\$aBATCH-UPD$b40$c20160413$lBLL01$h1808
=CAT  \\$aBATCH-UPD$b40$c20160523$lBLL01$h1336
=CAT  \\$a8483$b40$c20160609$lBLL01$h1159
=CAT  \\$a8483$b40$c20160609$lBLL01$h1202
=CAT  \\$aBATCH-UPD$b40$c20161122$lBLL01$h1511
=CAT  \\$aIPL-CLA$c20161230$lBLL01$h1932
=CAT  \\$aBATCH-UPD$b00$c20171121$lBLL01$h1645
=CAT  \\$aIPL-CLA$c20171231$lBLL01$h1503
=CAT  \\$aBATCH-UPD$b00$c20181217$lBLL01$h1636
=CAT  \\$aIPL-CLA$c20181231$lBLL01$h1536
=CAT  \\$aBATCH-UPD$b00$c20191122$lBLL01$h1859
=CAT  \\$aIPL-CLA$c20191231$lBLL01$h1819
=CAT  \\$aBATCH-UPD$b00$c20201118$lBLL01$h1332
=CAT  \\$aIPL-CLA$c20201231$lBLL01$h1523
=CAT  \\$aBATCH-UPD$b00$c20221121$lBLL01$h1345
=CAT  \\$aIPL-CLA$c20221231$lBLL01$h1438
=CFI  0\$aCurrent copyright fee: GBP37.00$c2\0$e01-jan-2023$fGBP37.00$g0$hP$5Uk
=CFI  2\$aPrevious copyright fee: GBP35.00$c2\0$e01-jan-2021$fGBP35.00$g0$hP$5Uk
=FFP  \\$aY$bBLDSS-3PM
=FIN  \\$aY
=FMT  \\$a  SE
=LAS  \\$aIPL-CLA$b00$c20221231$lBLL01$h1438
=LEO  \\$aMP10.0000322446
=LEO  \\$aMP22.0000021278
=LEO  \\$aMP1.0002017914
=LKR  \\$aPAR$b013361710$lBLL01$r776$mJournal of imperial and Commonwealth history (Print)$nThe Journal of imperial and Commonwealth history (Online)
=SRC  \\$aBLS01$bbibmp1.200404.2.ac
=SRC  \\$aDSS01$bbibmp10.200404.2.aa
=SRC  \\$aISN01$bbibmp22.200404.2.aa
=TCO  \\$aCLA$bCLA$c008
=TOC  \\$aETOC

