=LDR  07249cas a2201501 a 4500
=001  010190945
=003  Uk
=005  20230605073208.0
=007  ta
=008  830208c19729999ie\mr\p\\\\\\\0\\\a0eng\\
=019  c\$a2144927
=019  0\$as152520007
=022  0\$a0374-4353
=040  \\$aUk$cUk$dUk
=042  \\$aukblsr
=082  04$a608$221
=084  \\$aBF 48$2blsrissc
=084  \\$aBW 71$2blsrissc
=210  0\$aRes. Discl.
=222  \0$aResearch disclosure
=245  00$aResearch disclosure.
=260  \\$aHavant :$bIndustrial Opportunities Ltd.,$c1972-
=260  2\$aEmsworth :$bKenneth Mason Publications
=260  2\$3-2011$aWestbourne :$bKenneth Mason Publications
=260  2\$32011$aCaherlistrane, Co. Galway :$bQuestel Ireland
=260  3\$32012-$aKillernan, Kilmaine :$bQuestel Ireland
=300  \\$av. :$bill. ;$c30 cm.
=310  \\$aMonthly
=336  \\$atext$2rdacontent
=337  \\$aunmediated$2rdamedia
=338  \\$avolume$2rdacarrier
=362  0\$aNo. 101 (Sept. 1972)-
=540  \\$aCurrent Copyright Fee: GBP25.00$c0$5Uk
=580  \\$aTo no. 100 (Aug. 1972), issued as a section of: Product licensing index.
=588  \\$aLatest issue consulted: ed. 573 (Jan. 2012).
=595  \\$aSEE ALSO SERIAL RECORDS SHIRL.
=650  \0$aPatents$vPeriodicals.
=650  \0$aInventions$vPeriodicals.
=780  17$tProduct licensing index$x0032-9770
=852  41$aBritish Library$bDSC$j7738.873000$3No. 101 (1972)-no. 608 (2014)
=852  71$aBritish Library$bSTI$k(P)$hBF 48$m-E(1)$2blsrissc$3No. 101 (Sept. 1972)-
=945  \\$aRESEARCH DISCLOSURE.
=959  \\$fHeld but not currently received
=963  \\$aNO. 101, 1972- *A=1$bN$cL420.B.274
=985  \\$aRecord merged by DQ team
=985  \\$aISSN note: Responsibility for ISSN transferred to the Irish ISSN Centre from ISSN UK Centre, 18/11/11.
=A02  \\$a2144927
=ACF  \\$aPrevious Copyright Fee: GBP20.00$c0$e01-apr-2012$fGBP20.00$g0$hC$5Uk
=ACF  \\$aPrevious Copyright Fee: GBP20.00$c0$e01-jan-2012$fGBP20.00$g0$hC$5Uk
=ACF  \\$aPrevious Copyright Fee: GBP20.00$c0$e01-oct-2011$fGBP20.00$g0$hC$5Uk
=ACF  \\$aPrevious Copyright Fee: GBP20.00$c0$e01-jul-2011$fGBP20.00$g0$hC$5Uk
=ACF  \\$aPrevious Copyright Fee: GBP20.00$c0$e01-apr-2011$fGBP20.00$g0$hC$5Uk
=ACF  \\$aPrevious Copyright Fee: GBP20.00$c0$e01-jan-2011$fGBP20.00$g0$hC$5Uk
=ACF  \\$aPrevious Copyright Fee: GBP20.00$c0$e01-oct-2010$fGBP20.00$g0$hC$5Uk
=ACF  \\$aPrevious Copyright Fee: GBP20.00$c0$e01-jul-2010$fGBP20.00$g0$hC$5Uk
=ACF  \\$aPrevious Copyright Fee: GBP20.00$c0$e01-apr-2010$fGBP20.00$g0$hC$5Uk
=ACF  \\$aPrevious Copyright Fee: GBP20.00$c0$e01-Jan-2010$fGBP20.00$g0$hC$5Uk
=ACF  \\$aPrevious Copyright Fee: GBP20.00$c0$e01-oct-2009$fGBP20.00$g0$hC$5Uk
=ACF  \\$aPrevious Copyright Fee: GBP20.00$c0$e01-jul-2009$fGBP20.00$g0$hC$5Uk
=ACF  \\$aPrevious Copyright Fee: GBP20.00$c0$e01-apr-2009$fGBP20.00$g0$hC$5Uk
=ACF  \\$aPrevious Copyright Fee: GBP20.00$c0$e01-jan-2009$fGBP20.00$g0$hC$5Uk
=ACF  \\$aPrevious Copyright Fee: GBP20.00$c0$e01-oct-2008$fGBP20.00$g0$hC$5Uk
=ACF  \\$aPrevious Copyright Fee: GBP20.00$c0$e01-jul-2008$fGBP20.00$g0$hC$5Uk
=ACF  \\$aPrevious Copyright Fee: GBP20.00$c0$e01-apr-2008$fGBP20.00$g0$hC$5Uk
=ACF  \\$aPrevious Copyright Fee: GBP20.00$c0$e01-jan-2008$fGBP20.00$g0$hC$5Uk
=ACF  \\$aPrevious Copyright Fee: GBP20.00$c0$e01-oct-2007$fGBP20.00$g0$hC$5Uk
=ACF  \\$aPrevious Copyright Fee: GBP20.00$c0$e01-jul-2007$fGBP20.00$g0$hC$5Uk
=ACF  \\$aPrevious Copyright Fee: GBP20.00$c0$e01-apr-2007$fGBP20.00$g0$hC$5Uk
=ACF  \\$aPrevious Copyright Fee: GBP5.00$c0$e01-jan-2007$fGBP5.00$g0$hC$5Uk
=ACF  \\$aPrevious Copyright Fee: GBP5.00$c0$e01-oct-2006$fGBP5.00$g0$hC$5Uk
=ACF  \\$aPrevious Copyright Fee: GBP5.00$c0$e01-jul-2006$fGBP5.00$g0$hC$5Uk
=ACF  \\$aPrevious Copyright Fee: GBP5.00$c0$e01-apr-2006$fGBP5.00$g0$hC$5Uk
=ACF  \\$aPrevious Copyright Fee: GBP5.00$c0$e01-jan-2006$fGBP5.00$g0$hC$5Uk
=ACF  \\$aPrevious Copyright Fee: GBP5.00$c0$e01-oct-2005$fGBP5.00$g0$hC$5Uk
=ACF  \\$aPrevious Copyright Fee: GBP5.00$c0$e01-jul-2005$fGBP5.00$g0$hC$5Uk
=ACF  \\$aPrevious Copyright Fee: GBP5.00$c0$e01-apr-2005$fGBP5.00$g0$hC$5Uk
=ACF  \\$aPrevious Copyright Fee: GBP5.00$c0$e01-jan-2005$fGBP5.00$g0$hC$5Uk
=ACF  \\$aPrevious Copyright Fee: GBP5.00$c0$e01-oct-2004$fGBP5.00$g0$hC$5Uk
=ACF  \\$aPrevious copyright fee: GBP5.00$c0$e01-jul-2002$fGBP5.00$g0$hC$5Uk
=ACF  \\$aCurrent copyright fee: GBP4.22$c0$e01-jul-2001$fGBP4.22$g0$hC$5Uk
=ACF  \\$aCurrent copyright fee: GBP4.01$c0$e01-jul-2000$fGBP4.01$g0$hC$5Uk
=ACF  \\$aPrevious Copyright Fee: GBP12.00$c0$e01-jul-2012$fGBP12.00$g0$hC$5Uk
=ACF  \\$aPrevious Copyright Fee: GBP12.00$c0$e01-oct-2012$fGBP12.00$g0$hC$5Uk
=ACF  \\$aPrevious Copyright Fee: GBP12.30$c0$e01-jan-2014$fGBP12.30$g0$hC$5Uk
=ACF  \\$aPrevious Copyright Fee: GBP15.00$c0$e01-jan-2017$fGBP15.00$g0$hC$5Uk
=ACF  \\$aPrevious Copyright Fee: GBP17.50$c0$e01-jan-2018$fGBP17.50$g0$hC$5Uk
=ACF  \\$aPrevious Copyright Fee: GBP20.00$c0$e01-jan-2020$fGBP20.00$g0$hC$5Uk
=ACF  \\$aPrevious Copyright Fee: GBP22.50$c0$e01-jan-2021$fGBP22.50$g0$hC$5Uk
=CAT  \\$aCONV$b00$c20040425$lBLL90$h0849
=CAT  \\$aBATCH-CLA$b00$c20120531$lBLL01$h1704
=CAT  \\$aBATCH-UPD$b00$c20120614$lBLL01$h2144
=CAT  \\$aIPL-CLA$c20120629$lBLL01$h1010
=CAT  \\$aBATCH-CLA$b00$c20120831$lBLL01$h1537
=CAT  \\$aIPL-CLA$c20120930$lBLL01$h2037
=CAT  \\$aBATCH-CLA$b00$c20121105$lBLL01$h1748
=CAT  \\$aWR13.005$c20130323$lBLL01$h1519
=CAT  \\$a11315$b40$c20130522$lBLL01$h1411
=CAT  \\$aBATCH-CLA$b00$c20131129$lBLL01$h1639
=CAT  \\$aIPL-CLA$c20131231$lBLL01$h2100
=CAT  \\$aCDS15-UPD$b40$c20140630$lBLL01$h1053
=CAT  \\$aBATCH-CLA$b00$c20161130$lBLL01$h1632
=CAT  \\$aIPL-CLA$c20161230$lBLL01$h1932
=CAT  \\$aBATCH-CLA$b00$c20171130$lBLL01$h1646
=CAT  \\$aIPL-CLA$c20171231$lBLL01$h1503
=CAT  \\$aBATCH-CLA$b00$c20191129$lBLL01$h1622
=CAT  \\$aIPL-CLA$c20191231$lBLL01$h1819
=CAT  \\$aBATCH-CLA$b00$c20201126$lBLL01$h1407
=CAT  \\$aIPL-CLA$c20201231$lBLL01$h1523
=CAT  \\$aBATCH-CLA$b00$c20221130$lBLL01$h1421
=CAT  \\$aIPL-CLA$c20221231$lBLL01$h1438
=CAT  \\$aBATCH-CLA$b00$c20230209$lBLL01$h1508
=CAT  \\$aIPL-CLA$c20230209$lBLL01$h2333
=CAT  \\$a8874$b40$c20230605$lBLL01$h0731
=CAT  \\$a8874$b40$c20230605$lBLL01$h0732
=CFI  0\$aCurrent Copyright Fee: GBP25.00$c0$e09-feb-2023$fGBP25.00$g0$hC$5Uk
=CFI  2\$aBritish Library not licensed to copy$c0$e01-jan-2023$hC$iCFP Excluded$5Uk
=FIN  \\$aY
=FMT  \\$a  SE
=LAS  \\$a8874$b40$c20230605$lBLL01$h0732
=LEO  \\$aMP25.0000053476
=LEO  \\$aMP10.0000500055
=LEO  \\$aMP22.0000023203
=LKR  \\$aPAR$b002238370$lBLL01$r78017$mResearch disclosure$nProduct licensing index
=SRC  \\$aSRI01$bbibmp25.200404.2.aa
=SRC  \\$aDSS01$bbibmp10.200404.2.aa
=SRC  \\$aISN01$bbibmp22.200404.2.aa
=TCO  \\$aCLA$bCLA$c008
=TOC  \\$aETOC

