=LDR  04643 as a2201165 a 4500
=001  010191009
=003  Uk
=005  20191231181937.0
=006  aac\\|||||||||||||
=007  ta
=008  781020c19739999enkmr\p\\\\\\\0\\\a0eng\\
=015  \\$aGB7834536$2bnb
=019  y\$aB7834536
=019  9\$ab7834536
=019  c\$a2094914
=019  0\$as141778008
=022  0\$a0377-0486$z0166-011X
=040  \\$aUk$cUk$dUk
=050  00$aQC454.R36
=082  04$a544.64
=082  04$a535.84605$219
=210  0\$aJ. Raman spectrosc.
=222  \0$aJournal of Raman spectroscopy
=245  00$aJournal of Raman spectroscopy
=246  03$aJRS. Journal of Raman spectroscopy
=260  \\$aChichester ;$aNew York :$bWiley.
=300  \\$bill., ports. ;$c30 cm.
=310  \\$aMonthly,$b<Feb. 1989->
=321  \\$aBimonthly,$b<Dec. 1984->
=321  \\$aBimonthly (with additional issues in June & Dec.),$b<Feb. 1987->
=336  \\$atext$2rdacontent
=337  \\$aunmediated$2rdamedia
=338  \\$avolume$2rdacarrier
=362  0\$aVol.1, no.1- ; Feb. 1973-
=500  \\$aSix issues a year. - xii,60,p. in vol.7, no.1.
=510  2\$aChemical abstracts$x0009-2258
=540  \\$aCurrent Copyright Fee: GBP46.00$c35\0$5Uk
=650  \0$aRaman spectroscopy$xPeriodicals.
=653  \\$aRaman spectroscopy$aSerials
=776  0\$tJournal of Raman spectroscopy (Online)$x1097-4555
=852  41$aBritish Library$bDSC$j5045.600000$3Vol. 1, no. 1 (1973)-v. 36, no. 12 (2005)***UKRR Retained Title
=852  71$aBritish Library$bSTI$k(P)$hKW 79$m-E(1)$2blsrissc$3Vol. 1 (1973)-v. 44, no. 4 (2013)***title now taken as electronic copy only
=856  \\$31850-9999$uhttp://onlinelibrary.wiley.com/$xBLDSS
=945  \\$aJournal of raman spectroscopy.
=959  \\$fHeld but not currently received
=963  \\$aCA/U-2 VOL. 7, 1978-$bY$cP355.B.50
=985  \\$aISSN Responsibility held by US ISSN Centre
=985  \\$aRecord merged by DQ team
=A02  \\$a2094914
=ACF  \\$aPrevious Copyright Fee: GBP20.00$c0$e01-jan-2005$fGBP20.00$g0$hC$5Uk
=ACF  \\$aPrevious Copyright Fee: GBP20.00$c0$e01-oct-2004$fGBP20.00$g0$hC$5Uk
=ACF  \\$aPrevious copyright fee: GBP20.00$c0$e01-oct-2001$fGBP20.00$g0$hC$5Uk
=ACF  \\$aCurrent copyright fee: GBP12.00$c0$e01-apr-1997$fGBP12.00$g0$hC$5Uk
=ACF  \\$aPrevious Copyright Fee: GBP17.00$c35\0$e01-apr-2005$fGBP17.00$g0$hP$5Uk
=ACF  \\$aPrevious copyright fee: GBP22.00$c35\0$e01-jan-2011$fGBP22.00$g0$hP$5Uk
=ACF  \\$aPrevious copyright fee: GBP24.00$c35\0$e01-mar-2015$fGBP24.00$g0$hP$5Uk
=CAT  \\$aCONV$b00$c20040425$lBLL90$h0849
=CAT  \\$a8456$b40$c20070608$lBLL01$h1445
=CAT  \\$aBATCH$b00$c20091210$lBLL01$h0035
=CAT  \\$aBATCH$b00$c20091214$lBLL01$h0543
=CAT  \\$aBATCH$b00$c20091216$lBLL01$h0138
=CAT  \\$aBATCH-UPD$b00$c20101116$lBLL01$h1334
=CAT  \\$aIPL-CLA$c20101231$lBLL01$h1333
=CAT  \\$aBATCH-UPD$b00$c20120614$lBLL01$h2144
=CAT  \\$aBATCH-CLA$b00$c20121105$lBLL01$h1748
=CAT  \\$aWR12_168$c20121206$lBLL01$h1811
=CAT  \\$aWR13.005$c20130323$lBLL01$h1519
=CAT  \\$aBATCH-CLA$b00$c20140125$lBLL01$h1316
=CAT  \\$aBATCH-CLA$c20140225$lBLL01$h2316
=CAT  \\$aWR14_140$c20140905$lBLL01$h1741
=CAT  \\$aBLDSS-3PM$b00$c20141214$lBLL01$h1519
=CAT  \\$aBATCH-UPD$b00$c20150215$lBLL01$h1653
=CAT  \\$aIPL-CLA$c20150228$lBLL01$h2043
=CAT  \\$aBATCH-UPD$b00$c20160413$lBLL01$h1808
=CAT  \\$aBATCH-UPD$b00$c20170725$lBLL01$h1941
=CAT  \\$aBATCH-UPD$b00$c20180219$lBLL01$h1742
=CAT  \\$aBATCH-UPD$b00$c20181121$lBLL01$h1619
=CAT  \\$aIPL-CLA$c20181231$lBLL01$h1536
=CAT  \\$aR1911-0245$c20191127$lBLL01$h1015
=CAT  \\$aR1911-0245$c20191127$lBLL01$h1031
=CAT  \\$aR1911-0245$c20191127$lBLL01$h1035
=CAT  \\$aIPL-CLA$c20191231$lBLL01$h1819
=CFI  0\$aCurrent Copyright Fee: GBP46.00$c35\0$e01-jan-2020$fGBP46.00$g0$hP$5Uk
=CFI  2\$aPrevious copyright fee: GBP28.00$c35\0$e01-jan-2019$fGBP28.00$g0$hP$5Uk
=FFP  \\$aY$bBLDSS-3PM
=FIN  \\$aY
=FMT  \\$a  SE
=LAS  \\$aIPL-CLA$b00$c20191231$lBLL01$h1819
=LEO  \\$aMP25.0000042781
=LEO  \\$aMP5.0000495737
=LEO  \\$aMP10.0000325202
=LEO  \\$aMP22.0000023276
=LKR  \\$aPAR$b013341572$lBLL01$r776$mJournal of Raman spectroscopy$nJournal of Raman spectroscopy (Online)
=SRC  \\$aSRI01$bbibmp25.200404.2.aa
=SRC  \\$aBNB03$bbibmp5.200404.2.aa
=SRC  \\$aDSS01$bbibmp10.200404.2.aa
=SRC  \\$aISN01$bbibmp22.200404.2.aa
=TCO  \\$aCLA$bCLA$c008
=TOC  \\$aETOC
=UNO  \\$aY

