=LDR  05531cas a2201285 a 4500
=001  010191576
=003  Uk
=005  20221231143856.0
=006  aa\\\|||||||||||||
=007  ta
=008  890411c19869999enkqr\p\\\\\\\0\\\a0eng\\
=015  \\$aGB8831141$2bnb
=019  c\$a2313360
=019  y\$ab8831141
=019  9\$ab8831141
=019  1\$ab8831141
=022  0\$a0885-6257
=039  0\$a1985
=040  \\$aUk$beng$cUk$dUk
=042  \\$aukblsr
=050  00$aLC3950
=082  04$a371.905$219
=210  0\$aEur. j. spec. needs educ.
=222  \0$aEuropean journal of special needs education
=245  00$aEuropean journal of special needs education.
=246  13$aSpecial needs education
=260  \\$aChichester :$bWiley,$c1986-
=260  2\$32003-$aWindsor :$bNFER-Nelson
=260  3\$32011-$aAbingdon :$bTaylor & Francis
=300  \\$av. :$bill. ;$c25 cm.
=310  \\$aQuarterly
=336  \\$atext$2rdacontent
=337  \\$aunmediated$2rdamedia
=338  \\$avolume$2rdacarrier
=362  0\$aVol. 1, no. 1 (Oct. 1986)-
=540  \\$aCurrent copyright fee: GBP37.00$c2\0$5Uk
=595  \\$aSee also Card Index.
=650  \0$aSpecial education$vPeriodicals.
=653  \\$aSpecial education$aSerials
=690  7\$aSocial Welfare$2blcoll
=776  08$iAlso issued online as:$tEuropean journal of special needs education (Online)$x1469-591X
=852  41$aBritish Library$bHMNTS$jZC.9.a.718$3Vol. 1, no. 1 (Oct. 1986)-v. 30, no. 4 (Nov. 2015)***title now taken as electronic copy only
=852  41$aBritish Library$bDSC$j3829.744000$3Vol. 1, no. 1 (1986)-v. 29, no. 4 (2014)***UKRR Retained Title
=856  \\$31850-9999$uhttp://www.tandfonline.com/$xBLDSS
=945  \\$aEuropean journal of special needs education
=959  \\$fHeld but not currently received
=963  \\$aVol. 1 (1986)-$bY$cL240.C.1990
=985  \\$aRecord merged by DQ team
=985  \\$aISSN responsibility held by United States ISSN Centre 23/01/06
=ACF  \\$aPrevious copyright fee: GBP17.00$c2\0$e01-jan-2010$fGBP17.00$g0$hP$5Uk
=ACF  \\$aPrevious copyright fee: GBP16.00$c2\0$e01-jan-2009$fGBP16.00$g0$hP$5Uk
=ACF  \\$aPrevious copyright fee: GBP15.00$c2\0$e01-apr-2008$fGBP15.00$g0$hP$5Uk
=ACF  \\$aPrevious copyright fee: GBP16.00$c2\0$e01-jan-2007$fGBP16.00$g0$hP$5Uk
=ACF  \\$aPrevious copyright fee: GBP13.00$c2\0$e01-jan-2005$fGBP13.00$g0$hP$5Uk
=ACF  \\$aPrevious copyright fee: GBP11.00$c2\0$e01-jan-2004$fGBP11.00$g0$hP$5Uk
=ACF  \\$aCurrent copyright fee: GBP10.00$c2\0$e01-apr-2002$fGBP10.00$g0$hP$5Uk
=ACF  \\$aCurrent copyright fee: GBP9.00$c2\0$e01-jan-2000$fGBP9.00$g0$hP$5Uk
=ACF  \\$aPrevious copyright fee: GBP21.00$c2\0$e01-jan-2011$fGBP21.00$g0$hP$5Uk
=ACF  \\$aPrevious copyright fee: GBP23.00$c2\0$e01-jan-2012$fGBP23.00$g0$hP$5Uk
=ACF  \\$aPrevious copyright fee: GBP23.50$c2\0$e01-jan-2013$fGBP23.50$g0$hP$5Uk
=ACF  \\$aPrevious copyright fee: GBP24.00$c2\0$e01-jan-2014$fGBP24.00$g0$hP$5Uk
=ACF  \\$aPrevious copyright fee: GBP25.00$c2\0$e01-jan-2015$fGBP25.00$g0$hP$5Uk
=ACF  \\$aPrevious copyright fee: GBP26.00$c2\0$e01-jan-2016$fGBP26.00$g0$hP$5Uk
=ACF  \\$aPrevious copyright fee: GBP28.00$c2\0$e01-jan-2017$fGBP28.00$g0$hP$5Uk
=ACF  \\$aPrevious copyright fee: GBP30.00$c2\0$e01-jan-2018$fGBP30.00$g0$hP$5Uk
=ACF  \\$aPrevious copyright fee: GBP32.00$c2\0$e01-jan-2019$fGBP32.00$g0$hP$5Uk
=ACF  \\$aPrevious copyright fee: GBP34.00$c2\0$e01-jan-2020$fGBP34.00$g0$hP$5Uk
=CAT  \\$aCONV$b00$c20040425$lBLL90$h0849
=CAT  \\$aBATCH-UPD$b00$c20131119$lBLL01$h1958
=CAT  \\$aIPL-CLA$c20131231$lBLL01$h2100
=CAT  \\$aBATCH-CLA$b00$c20140125$lBLL01$h1318
=CAT  \\$aBATCH-CLA$c20140225$lBLL01$h2316
=CAT  \\$aWR14_140$c20140905$lBLL01$h1741
=CAT  \\$aBATCH-UPD$b00$c20141124$lBLL01$h1800
=CAT  \\$aBLDSS-3PM$b00$c20141130$lBLL01$h1246
=CAT  \\$aIPL-CLA$c20141231$lBLL01$h1645
=CAT  \\$aBATCH-UPD$b00$c20151119$lBLL01$h1541
=CAT  \\$aIPL-CLA$c20151231$lBLL01$h1912
=CAT  \\$a11205$b40$c20160226$lBLL01$h1623
=CAT  \\$aBATCH-UPD$b40$c20160413$lBLL01$h1809
=CAT  \\$aBATCH-UPD$b40$c20161012$lBLL01$h1108
=CAT  \\$aBATCH-UPD$b40$c20161122$lBLL01$h1511
=CAT  \\$aIPL-CLA$c20161230$lBLL01$h1932
=CAT  \\$aBATCH-UPD$b00$c20171121$lBLL01$h1645
=CAT  \\$aIPL-CLA$c20171231$lBLL01$h1503
=CAT  \\$aBATCH-UPD$b00$c20181217$lBLL01$h1636
=CAT  \\$aIPL-CLA$c20181231$lBLL01$h1536
=CAT  \\$aBATCH-UPD$b00$c20191122$lBLL01$h1859
=CAT  \\$aIPL-CLA$c20191231$lBLL01$h1819
=CAT  \\$aBATCH-UPD$b00$c20201118$lBLL01$h1332
=CAT  \\$aIPL-CLA$c20201231$lBLL01$h1523
=CAT  \\$aBATCH-UPD$b00$c20221121$lBLL01$h1345
=CAT  \\$aIPL-CLA$c20221231$lBLL01$h1438
=CFI  0\$aCurrent copyright fee: GBP37.00$c2\0$e01-jan-2023$fGBP37.00$g0$hP$5Uk
=CFI  2\$aPrevious copyright fee: GBP35.00$c2\0$e01-jan-2021$fGBP35.00$g0$hP$5Uk
=FFP  \\$aY$bBLDSS-3PM
=FIN  \\$aY
=FMT  \\$a  SE
=LAS  \\$aIPL-CLA$b00$c20221231$lBLL01$h1438
=LEO  \\$aMP5.0000769677
=LEO  \\$aMP13.0000292456
=LEO  \\$aMP10.0000219332
=LEO  \\$aMP22.0000023980
=LET  \0$aEuropean journal of special needs education (Print)
=SRC  \\$aBNB03$bbibmp5.200404.2.ab
=SRC  \\$aHSS01$bbibmp13.200404.2.aa
=SRC  \\$aDSS01$bbibmp10.200404.2.aa
=SRC  \\$aISN01$bbibmp22.200404.2.aa
=TCO  \\$aCLA$bCLA$c008
=TOC  \\$aETOC

