=LDR  04909cas a2201153 i 4500
=001  010364257
=003  Uk
=005  20221231194049.0
=007  ta
=008  780222c19779999enka|2\|||\\\||\\\a0mul\\
=015  \\$aGB7820917$2bnb
=019  y\$aB7820917
=019  9\$ab7820917
=019  c\$a2136620
=019  0\$as286133008
=022  0\$a0140-5225
=040  \\$aUk$cUk
=041  0\$aeng$amul
=050  00$aHD9199.A2
=082  04$a338.1/7/3730212$218
=084  \\$aDY 79(C20)$2blsrissc
=210  0\$aQ. stat. bull. coffee
=222  \0$aQuarterly statistical bulletin on coffee
=245  00$aQuarterly statistical bulletin on coffee /$c[International Coffee Organisation].
=260  \\$aLondon (22 Berners St., W1P 4DD) :$bThe Organization,$c1977-
=300  \\$c30cm.
=310  \\$aQuarterly
=336  \\$atext$2rdacontent
=337  \\$aunmediated$2rdamedia
=338  \\$avolume$2rdacarrier
=362  0\$aVol.1, no.1- ; Jan.-Mar. 1977-
=500  \\$aEnglish, Spanish, Portuguese and French text.
=500  \\$aNinety-five p. in 1st issue.
=540  \\$aCurrent Copyright Fee: GBP25.00$c0$5Uk
=650  \0$aCoffee trade$xStatistics$xPeriodicals.
=653  \\$aCoffee industries & trades$aStatistics$aPeriodicals
=690  7\$aManagement and Business Studies$2blcoll
=710  2\$aInternational Coffee Organization (1962- )
=852  41$aBritish Library$bDSC$j7209.317000$3VOL. 1(1), 1977 *A=1
=852  71$aBritish Library$bSTI$k(P)$hDY 79$m(C20) -E(11)$2blsrissc$31977-1982; [1]-23.
=886  2\$2ukmarc$a910$b20$aOrganización Internacional del Cafe$xSee$aInternational Coffee Organization$z710
=886  2\$2ukmarc$a910$b20$aOrganização Internacional do Café$xSee$aInternational Coffee Organization$z710
=886  2\$2ukmarc$a910$b20$aOrganisation internationale du café$xSee$aInternational Coffee Organization$z710
=886  2\$2blmarc$a710$b00$aOrganização Internacional do Café$aOrganisation Internationale du Cafe
=945  \\$aQUARTERLY STATISTICAL BULLETIN ON COFFEE.
=959  \\$fHeld but not currently received
=963  \\$a1977- *A=1$bN$cOP.183.01
=985  \\$aISSN UK Centre: responsibility transferred to IC, publisher=international body (15.10.15).
=985  \\$aUpgraded by BSS-generated file for WR2011-1473
=A02  \\$a2136620
=ACF  \\$aPrevious copyright fee: GBP5.00$c0$e01-jul-2002$fGBP5.00$g0$hC$5Uk
=ACF  \\$aCurrent copyright fee: GBP4.40$c0$e01-jul-1998$fGBP4.40$g0$hA$5Uk
=ACF  \\$aCurrent copyright fee: GBP4.20$c0$e01-apr-1997$fGBP4.20$g0$hA$5Uk
=ACF  \\$aPrevious copyright fee: GBP10.50$c0$e01-jan-2011$fGBP10.50$g0$hA$5Uk
=ACF  \\$aPrevious copyright fee: GBP12.00$c0$e01-jan-2012$fGBP12.00$g0$hA$5Uk
=ACF  \\$aPrevious Copyright Fee: GBP12.30$c0$e01-jan-2014$fGBP12.30$g0$hA$5Uk
=ACF  \\$aPrevious Copyright Fee: GBP15.00$c0$e01-jan-2017$fGBP15.00$g0$hA$5Uk
=ACF  \\$aPrevious Copyright Fee: GBP17.50$c0$e01-jan-2018$fGBP17.50$g0$hA$5Uk
=ACF  \\$aPrevious Copyright Fee: GBP20.00$c0$e01-jan-2020$fGBP20.00$g0$hA$5Uk
=CAT  \\$aWR09-126
=CAT  \\$aBATCH$b00$c20091210$lBLL01$h0114
=CAT  \\$aBATCH$b00$c20091214$lBLL01$h0544
=CAT  \\$aBATCH$b00$c20091216$lBLL01$h0139
=CAT  \\$aBATCH-UPD$b00$c20101201$lBLL01$h1229
=CAT  \\$aIPL-CLA$c20101231$lBLL01$h1334
=CAT  \\$aWR11_203$c20111204$lBLL01$h1402
=CAT  \\$aIPL-CLA$c20111230$lBLL01$h1835
=CAT  \\$aBATCH-CLA$b00$c20121105$lBLL01$h1747
=CAT  \\$aWR13.005$c20130322$lBLL01$h1919
=CAT  \\$aBATCH-CLA$c20131218$lBLL01$h2241
=CAT  \\$aIPL-CLA$c20131231$lBLL01$h2103
=CAT  \\$aWR14_140$c20140905$lBLL01$h1741
=CAT  \\$a10973$b40$c20151015$lBLL01$h1552
=CAT  \\$aBATCH-CLA$b00$c20161222$lBLL01$h1730
=CAT  \\$aIPL-CLA$c20161230$lBLL01$h1934
=CAT  \\$aBATCH-CLA$b00$c20171222$lBLL01$h2033
=CAT  \\$aIPL-CLA$c20171231$lBLL01$h1505
=CAT  \\$aBATCH-CLA$b00$c20191219$lBLL01$h1655
=CAT  \\$aIPL-CLA$c20191231$lBLL01$h1821
=CAT  \\$aR2001-1524$c20200127$lBLL01$h1942
=CAT  \\$aW2011-1473$b00$c20201124$lBLL01$h1841
=CAT  \\$aBATCH-CLA$b00$c20201204$lBLL01$h1453
=CAT  \\$aIPL-CLA$c20201231$lBLL01$h2029
=CAT  \\$aBATCH-CLA$b00$c20221221$lBLL01$h1759
=CAT  \\$aIPL-CLA$c20221231$lBLL01$h1940
=CFI  0\$aCurrent Copyright Fee: GBP25.00$c0$e01-jan-2023$fGBP25.00$g0$hA$5Uk
=CFI  2\$aPrevious Copyright Fee: GBP22.50$c0$e01-jan-2021$fGBP22.50$g0$hA$5Uk
=FIN  \\$aY
=FMT  \\$a  SE
=LAS  \\$aIPL-CLA$b00$c20221231$lBLL01$h1940
=LEO  \\$aMP5.0000493597
=LEO  \\$aMP10.0000475717
=LEO  \\$aMP22.0000003714
=LEO  \\$aMP25.0000124397
=SRC  \\$aBNB03$bbibmp5.200404.2.aa
=SRC  \\$aDSS01$bbibmp10.200404.2.aa
=SRC  \\$aISN01$bbibmp22.200404.2.aa
=SRC  \\$aSRI01$bbibmp25.200404.2.aa
=TCO  \\$aCLA$bCLA$c008

