=LDR  05903aas a2201333 a 4500
=001  010460986
=003  Uk
=005  20150526104955.0
=006  aa\\\|||||||||||||
=007  ta
=008  911211c19909999enkmn\p\\\\\\\0\\\a0eng\\
=015  \\$aGB9164993$2bnb
=019  c\$a2426283
=019  y\$ab9164993
=019  9\$ab9164993
=019  0\$as577191004
=022  0\$a0959-4973
=039  0\$a2164
=040  \\$aUk$cUk$dUk
=082  04$a616.994061$221
=084  \\$aHE 65$2blsrissc
=210  0\$aAnti-cancer drugs
=222  \0$aAnti-cancer drugs
=245  00$aAnti-cancer drugs.
=260  \\$aOxford :$bRapid Communications,$c1990-
=264  31$aLondon :$bLippincott, Williams & Wilkins
=300  \\$av. :$bill. (some col.) ;$c28 cm.
=310  \\$aTen issues a year
=321  \\$aBimonthly
=336  \\$atext$2rdacontent
=337  \\$aunmediated$2rdamedia
=338  \\$avolume$2rdacarrier
=362  0\$aVol. 1, no. 1 (Oct.1990)-
=540  \\$aCurrent copyright fee: GBP32.00$c20\0$5Uk
=588  \\$aLatest issue consulted: volume 25, number 6 (July 2014).
=650  \0$aAntineoplastic agents$vPeriodicals.
=650  \0$aCancer$xChemotherapy$vPeriodicals.
=770  0\$tAnti-cancer drugs. Supplement$x1359-4877
=776  0\$tAnti-cancer drugs (Online)$x1473-5741
=852  41$aBritish Library$bDSC$j1547.287300$3Vol. 3 (1990)-v. 22, no. 10 (2011)
=852  71$aBritish Library$bSTI$k(P)$hHE 65$m-E(3)$2blsrissc$3Vol. 1 (1990)- v. 26 n. 5(Jun.2015)***Title now taken as electronic copy
=856  \\$31850-9999$uhttp://journals.lww.com$xBLDSS
=945  \\$aANTICANCER DRUGS.
=959  \\$fHeld but not currently received
=963  \\$aCA/M-7 VOL. 1, 1990- *A=1$bN
=985  \\$aRecord merged by DQ team
=985  \\$aISSN note: responsibility for the ISSN transferred from the ISSN UK Centre to the US ISSN Center under a multinational publisher agreement, August 7, 2014.
=A02  \\$a2426283
=ACF  \\$aPrevious copyright fee: GBP21.65$c20\0$e01-jul-2011$fGBP21.65$g0$hP$5Uk
=ACF  \\$aPrevious copyright fee: GBP19.35$c20\0$e01-jul-2010$fGBP19.35$g0$hP$5Uk
=ACF  \\$aPrevious copyright fee: GBP18.18$c20\0$e01-oct-2009$fGBP18.18$g0$hP$5Uk
=ACF  \\$aPrevious copyright fee: GBP21.43$c20\0$e01-apr-2009$fGBP21.43$g0$hP$5Uk
=ACF  \\$aPrevious copyright fee: GBP18.75$c20\0$e01-jan-2009$fGBP18.75$g0$hP$5Uk
=ACF  \\$aPrevious copyright fee: GBP15.00$c20\0$e01-jul-2007$fGBP15.00$g0$hP$5Uk
=ACF  \\$aPrevious copyright fee: GBP15.38$c20\0$e01-apr-2007$fGBP15.38$g0$hP$5Uk
=ACF  \\$aPrevious copyright fee: GBP16.22$c20\0$e01-oct-2006$fGBP16.22$g0$hP$5Uk
=ACF  \\$aPrevious copyright fee: GBP17.14$c20\0$e01-apr-2006$fGBP17.14$g0$hP$5Uk
=ACF  \\$aPrevious copyright fee: GBP16.67$c20\0$e01-jan-2006$fGBP16.67$g0$hP$5Uk
=ACF  \\$aPrevious copyright fee: GBP16.22$c20\0$e01-apr-2005$fGBP16.22$g0$hP$5Uk
=ACF  \\$aPrevious copyright fee: GBP16.53$c20\0$e01-jan-2005$fGBP16.53$g0$hP$5Uk
=ACF  \\$aPrevious copyright fee: GBP16.08$c20\0$e01-apr-2004$fGBP16.08$g0$hP$5Uk
=ACF  \\$aCurrent copyright fee: GBP17.50$c20\0$e01-jan-2004$fGBP17.50$g0$hP$5Uk
=ACF  \\$aCurrent copyright fee: GBP15.63$c20\0$e01-jan-2003$fGBP15.63$g0$hP$5Uk
=ACF  \\$aPrevious copyright fee: GBP30.32$c20\0$e07-may-2012$fGBP30.32$g0$hP$5Uk
=ACF  \\$aPrevious copyright fee: GBP28.48$c20\0$e01-jul-2012$fGBP28.48$g0$hP$5Uk
=ACF  \\$aPrevious copyright fee: GBP29.38$c20\0$e01-jan-2013$fGBP29.38$g0$hP$5Uk
=ACF  \\$aPrevious copyright fee: GBP30.32$c20\0$e01-jul-2013$fGBP30.32$g0$hP$5Uk
=ACF  \\$aPrevious copyright fee: GBP29.38$c20\0$e01-jan-2014$fGBP29.38$g0$hP$5Uk
=ACF  \\$aPrevious copyright fee: GBP28.48$c20\0$e01-jul-2014$fGBP28.48$g0$hP$5Uk
=ACF  \\$aPrevious copyright fee: GBP30.32$c20\0$e01-apr-2015$fGBP30.32$g0$hP$5Uk
=ACF  \\$aPrevious copyright fee: GBP31.33$c20\0$e01-jul-2015$fGBP31.33$g0$hP$5Uk
=CAT  \\$aCONV$b00$c20040425$lBLL90$h0659
=CAT  \\$aIPL-CLA$c20121231$lBLL01$h1256
=CAT  \\$aIPL-CLA$c20130102$lBLL01$h1704
=CAT  \\$aWR13.005$c20130322$lBLL01$h1957
=CAT  \\$aBATCH-UPD$b00$c20130522$lBLL01$h1717
=CAT  \\$aIPL-CLA$c20130701$lBLL01$h0022
=CAT  \\$aBATCH-UPD$b00$c20131119$lBLL01$h2007
=CAT  \\$aIPL-CLA$c20131231$lBLL01$h2106
=CAT  \\$aBATCH-UPD$b00$c20140527$lBLL01$h2034
=CAT  \\$aBATCH-CLA$c20140528$lBLL01$h1730
=CAT  \\$aIPL-CLA$c20140630$lBLL01$h1707
=CAT  \\$a11315$b40$c20140729$lBLL01$h1524
=CAT  \\$a11315$b40$c20140729$lBLL01$h1529
=CAT  \\$a11315$b40$c20140807$lBLL01$h0919
=CAT  \\$aBLDSS-3PM$b00$c20141116$lBLL01$h1731
=CAT  \\$aBATCH-UPD$b00$c20150219$lBLL01$h1727
=CAT  \\$aIPL-CLA$c20150331$lBLL01$h1625
=CAT  \\$aBATCH-UPD$b00$c20150520$lBLL01$h1737
=CAT  \\$a11316$b40$c20150526$lBLL01$h1049
=CAT  \\$aIPL-CLA$c20150630$lBLL01$h1637
=CAT  \\$aBATCH-UPD$b00$c20150820$lBLL01$h1823
=CAT  \\$aIPL-CLA$c20150930$lBLL01$h1752
=CAT  \\$aBATCH-UPD$b00$c20160217$lBLL01$h1711
=CAT  \\$aIPL-CLA$c20160331$lBLL01$h1711
=CAT  \\$aBATCH-UPD$b00$c20160524$lBLL01$h2155
=CAT  \\$aBATCH-UPD$b00$c20160524$lBLL01$h2235
=CFI  0\$aCurrent copyright fee: GBP32.00$c20\0$e01-apr-2016$fGBP32.00$g0$hP$5Uk
=CFI  2\$aPrevious copyright fee: GBP30.32$c20\0$e01-oct-2015$fGBP30.32$g0$hP$5Uk
=FFP  \\$aY$bBLDSS-3PM
=FIN  \\$aY
=FMT  \\$a  SE
=LAS  \\$aBATCH-UPD$b00$c20160524$lBLL01$h2235
=LEO  \\$aMP5.0000794561
=LEO  \\$aMP22.0000032480
=LEO  \\$aMP25.0000268053
=LEO  \\$aMP10.0000068245
=SRC  \\$aBNB03$bbibmp5.200404.2.ab
=SRC  \\$aISN01$bbibmp22.200404.2.aa
=SRC  \\$aSRI01$bbibmp25.200404.2.aa
=SRC  \\$aDSS01$bbibmp10.200404.2.aa
=TCO  \\$aCLA$bCLA$c008
=TOC  \\$aETOC
=UNO  \\$aY

