=LDR  05932cas a2201165 a 4500
=001  010462001
=003  Uk
=005  20231016110233.0
=007  ta
=008  880816c19889999dk\mr\p\\\\\\\0\\\a0eng\\
=019  c\$a2355321
=019  0\$as223993182
=022  0\$a0903-4641
=040  \\$aUk$beng$cUk$dUk
=082  04$a572$221
=084  \\$aDB 93$2blsrissc
=222  \0$aAPMIS. Acta pathologica, microbiologica et immunologica Scandinavica.
=245  00$aAPMIS :$bacta pathologica, microbiologica et immunologica Scandinavica.
=246  30$aActa pathologica, microbiologica et immunologica Scandinavica
=260  \\$aCopenhagen :$bMunksgaard,$c1988-
=300  \\$av. :$bill. ;$c28 cm.
=310  \\$aMonthly
=336  \\$atext$2rdacontent
=337  \\$aunmediated$2rdamedia
=338  \\$avolume$2rdacarrier
=362  0\$aVol. 96, no. 1 (Jan. 1988)-
=500  \\$aTo vol.100, 1992 subtitled "Acta immunologica microbiologica et immunologica Scandinavica".
=540  \\$aCurrent copyright fee: GBP39.00$c35\0$5Uk
=580  \\$aFormed by the union of: Acta pathologica, microbiologica et immunologica Scandinavica. Section A, Pathology; and: Acta pathologica, microbiologica et immunologica Scandinavica. Section B, Microbiology; and: Acta pathologica, microbiologica et immunologica Scandinavica. Section C, Immunology.
=595  \\$aFormerly 0644.2 0644.25 and 0644.251 up to Volume 95, 1987.
=650  \0$aPathology$vPeriodicals.
=650  \0$aMicrobiology$vPeriodicals.
=650  \0$aImmunology$vPeriodicals.
=770  0\$tAPMIS : acta pathologica, microbiologica et immunologica Scandinavica. Supplementum$x0903-465X
=776  0\$tAPMIS$c(Online)$x1600-0463
=780  14$tActa pathologica, microbiologica et immunologica Scandinavica. Section A, Pathology$x0108-0164
=780  14$tActa pathologica, microbiologica et immunologica Scandinavica. Section B, Microbiology$x0108-0180
=780  14$tActa pathologica, microbiologica et immunologica Scandinavica. Section C, Immunology$x0108-0202
=852  41$aBritish Library$bDSC$j1568.740000$3Vol. 96, no. 1 (1988)-v. 117, no. 12 (2009)***UKRR Retained Title
=852  71$aBritish Library$bSTI$k(P)$hDB 93$m-E(11)$2blsrissc$3Vol. 96 (1988)-v. 120, no. 12 (2012)***title now taken as electronic copy only
=856  \\$31850-9999$uhttp://onlinelibrary.wiley.com/$xBLDSS
=945  \\$aAPMIS -Copenhagen-.
=959  \\$fHeld but not currently received
=963  \\$aVOL. 96, 1988- 108, 2000 *A=1$bY$cP309.B.102
=985  \\$aRecord merged by DQ team
=985  \\$aISSN UK Centre: responsibility transferred to US Center (Wiley multinational publisher agreement) 13/2/23. Print issues available as POD.
=ACF  \\$aCurrent copyright fee: GBP13.00$c10\0$e01-apr-2003$fGBP13.00$g0$hP$5Uk
=ACF  \\$aCurrent copyright fee: GBP13.00$c10\5$e01-jan-2002$fGBP13.00$g0$hP$5Uk
=ACF  \\$aPrevious copyright fee: GBP15.00$c10\0$e01-apr-2004$fGBP15.00$g0$hP$5Uk
=ACF  \\$aPrevious copyright fee: GBP22.00$c10\0$e01-jan-2006$fGBP22.00$g0$hP$5Uk
=ACF  \\$aPrevious copyright fee: GBP24.00$c10\0$e01-mar-2015$fGBP24.00$g0$hP$5Uk
=ACF  \\$aPrevious copyright fee: GBP24.00$c35\0$e07-mar-2017$fGBP24.00$g0$hP$5Uk
=ACF  \\$aPrevious copyright fee: GBP28.00$c35\0$e01-jan-2019$fGBP28.00$g0$hP$5Uk
=CAT  \\$aCONV$b00$c20040425$lBLL90$h0659
=CAT  \\$aBATCH$b00$c20081124$lBLL01$h1127
=CAT  \\$aCDS-UPD$b40$c20091208$lBLL01$h2211
=CAT  \\$aCDS-UPD$b40$c20091208$lBLL01$h2233
=CAT  \\$aBATCH-CLA$b00$c20121105$lBLL01$h1746
=CAT  \\$aWR12_168$c20121206$lBLL01$h1835
=CAT  \\$aBATCH-CLA$b00$c20130526$lBLL01$h1619
=CAT  \\$aBLDSS-3PM$b00$c20141214$lBLL01$h1520
=CAT  \\$aBATCH-UPD$b00$c20150215$lBLL01$h1621
=CAT  \\$aIPL-CLA$c20150228$lBLL01$h2044
=CAT  \\$aBATCH-UPD$b00$c20160413$lBLL01$h1809
=CAT  \\$aBATCH-UPD$b00$c20170304$lBLL01$h1055
=CAT  \\$aW1703-0316$c20170306$lBLL01$h1822
=CAT  \\$aW1703-0316$c20170307$lBLL01$h1646
=CAT  \\$aIPL-CLA$c20170307$lBLL01$h1823
=CAT  \\$aBATCH-UPD$b00$c20180219$lBLL01$h1742
=CAT  \\$aBATCH-UPD$b00$c20181121$lBLL01$h1619
=CAT  \\$a8874$b40$c20181205$lBLL01$h1150
=CAT  \\$aIPL-CLA$c20181231$lBLL01$h1536
=CAT  \\$aR1911-0245$c20191127$lBLL01$h0822
=CAT  \\$aR1911-0245$c20191127$lBLL01$h1044
=CAT  \\$aIPL-CLA$c20191231$lBLL01$h1822
=CAT  \\$aBATCH-CLA$b00$c20211222$lBLL01$h1548
=CAT  \\$aIPL-CLA$c20211231$lBLL01$h1538
=CAT  \\$a10973$b40$c20230208$lBLL01$h1110
=CAT  \\$a10973$b40$c20230213$lBLL01$h0832
=CAT  \\$a12654$b40$c20231016$lBLL01$h1102
=CFI  0\$aCurrent copyright fee: GBP39.00$c35\0$e01-jan-2022$fGBP39.00$g0$hP$5Uk
=CFI  1\$aPending Copyright Fee: GBP46.00$c35\0$e01-jan-2024$fGBP46.00$g0$hP$5Uk
=CFI  2\$aPrevious Copyright Fee: GBP32.00$c35\0$e01-jan-2020$fGBP32.00$g0$hP$5Uk
=EST  \\$a2
=FFP  \\$aY$bBLDSS-3PM
=FIN  \\$aY
=FMT  \\$a  SE
=LAS  \\$a12654$b40$c20231016$lBLL01$h1102
=LEO  \\$aMP25.0000086437
=LEO  \\$aMP10.0000069628
=LKR  \\$aPAR$b009185428$lBLL01$r78014$mAPMIS : acta pathologica, microbiologica et immunologica Scandinavica.$nActa pathologica, microbiologica et immunologica Scandinavica. Section A. Pathology
=LKR  \\$aPAR$b009185429$lBLL01$r78014$mAPMIS : acta pathologica, microbiologica et immunologica Scandinavica.$nActa pathologica, microbiologica et immunologica Scandinavica. Section B. Microbiology
=LKR  \\$aPAR$b009185430$lBLL01$r78014$mAPMIS : acta pathologica, microbiologica et immunologica Scandinavica.$nActa pathologica, microbiologica et immunologica Scandinavica. Section C. Immunology
=SRC  \\$aDSS03$bbibsr.200404.2.aa
=SRC  \\$aSRI01$bbibmp25.200404.2.aa
=SRC  \\$aDSS01$bbibmp10.200404.2.aa
=TCO  \\$aXXX$c008
=TCO  \\$aCLA$bCLA$c008
=TOC  \\$aETOC
=UNO  \\$aY

