=LDR  04080cas a22009013  4500
=001  010464608
=003  Uk
=005  20220930142451.0
=008  040409c19629999ne\tr\p\\\\\\\0\\\b0ger\\
=019  c\$a2027571
=022  0\$a0084-6724
=040  \\$aUk$cUk$dUk
=222  \0$aArchiv für Religionspsychologie$b(Print)
=245  00$aArchiv für Religionspsychologie.
=336  \\$atext$2rdacontent
=337  \\$aunmediated$2rdamedia
=338  \\$avolume$2rdacarrier
=540  \\$aCurrent copyright fee: GBP36.32$c19\0$5Uk
=776  08$iAlso issued online as:$tArchive for the psychology of religion$x1573-6121
=852  41$aBritish Library$bDSC$j1623.900000
=856  \\$31850-9999$uhttp://www.brill.com/$xBLDSS
=945  \\$aARCHIV FUR RELIGIONSPSYCHOLOGIE.
=959  \\$fHeld but not currently received
=963  \\$aVOL. 7, 1962- *A=1$bN$cP1:33.B.1
=985  \\$aCorrected by BSS-generated file for WR# 10/166
=985  \\$aNew to SAGE from Volume 41, issue 1 (March 2019). Print copy requested from SAGE 07/01/20 (Richard (Leeds))
=985  \\$aISSN responsibility has been transferred from Netherlands to UK - now waiting for print copy before updating record (Richard, 07/01/20)
=A02  \\$a2027571
=ACF  \\$aPrevious copyright fee: GBP10.50$c0$e01-jan-2011$fGBP10.50$g0$hA$5Uk
=ACF  \\$aPrevious copyright fee: GBP5.00$c0$e01-jul-2002$fGBP5.00$g0$hC$5Uk
=ACF  \\$aCurrent copyright fee: GBP2.50$c0$e01-jul-1998$fGBP2.50$g0$hC$5Uk
=ACF  \\$aCurrent copyright fee: GBP2.30$c0$e01-apr-1997$fGBP2.30$g0$hC$5Uk
=ACF  \\$aPrevious copyright fee: GBP22.00$c74\0$e31-oct-2012$fGBP22.00$g0$hP$5Uk
=ACF  \\$aPrevious copyright fee: GBP12.00$c0$e01-jan-2012$fGBP12.00$g0$hA$5Uk
=ACF  \\$aPrevious copyright fee: GBP30.77$c19\0$e07-jan-2019$fGBP30.77$g0$hP$5Uk
=ACF  \\$aPrevious copyright fee: GBP32.31$c19\0$e01-jul-2019$fGBP32.31$g0$hP$5Uk
=ACF  \\$aPrevious copyright fee: GBP33.60$c19\0$e01-oct-2019$fGBP33.60$g0$hP$5Uk
=ACF  \\$aPrevious copyright fee: GBP33.52$c19\0$e01-apr-2020$fGBP33.52$g0$hP$5Uk
=ACF  \\$aPrevious copyright fee: GBP34.86$c19\0$e01-jul-2020$fGBP34.86$g0$hP$5Uk
=ACF  \\$aPrevious copyright fee: GBP32.28$c19\0$e01-apr-2021$fGBP32.28$g0$hP$5Uk
=ACF  \\$aPrevious copyright fee: GBP31.13$c19\0$e07-jul-2021$fGBP31.13$g0$hP$5Uk
=CAT  \\$aCONV$b00$c20040425$lBLL90$h0659
=CAT  \\$aBLDSS-3PM$b00$c20150131$lBLL01$h2311
=CAT  \\$aBATCH-UPD$b00$c20160413$lBLL01$h1809
=CAT  \\$aBATCH-UPD$b00$c20160524$lBLL01$h2259
=CAT  \\$aBATCH-UPD$b00$c20160525$lBLL01$h0650
=CAT  \\$a5552$b40$c20190107$lBLL01$h1226
=CAT  \\$aBATCH-UPD$b40$c20190521$lBLL01$h1410
=CAT  \\$aIPL-CLA$c20190630$lBLL01$h1528
=CAT  \\$aBATCH-UPD$b00$c20190829$lBLL01$h1527
=CAT  \\$aIPL-CLA$c20190930$lBLL01$h1632
=CAT  \\$a11205$b40$c20191010$lBLL01$h1200
=CAT  \\$a10806$b40$c20200106$lBLL01$h1433
=CAT  \\$a10806$b40$c20200106$lBLL01$h1443
=CAT  \\$a10806$b40$c20200107$lBLL01$h1124
=CAT  \\$aBATCH-UPD$b40$c20200219$lBLL01$h1514
=CAT  \\$aIPL-CLA$c20200331$lBLL01$h1608
=CAT  \\$aBATCH-UPD$b00$c20200522$lBLL01$h1457
=CAT  \\$aIPL-CLA$c20200701$lBLL01$h0049
=CAT  \\$aBATCH-UPD$b00$c20210226$lBLL01$h1037
=CAT  \\$aIPL-CLA$c20210331$lBLL01$h1657
=CAT  \\$aBATCH-UPD$b00$c20210707$lBLL01$h1601
=CAT  \\$aIPL-CLA$c20210707$lBLL01$h1842
=CAT  \\$aBATCH-UPD$b00$c20220520$lBLL01$h1633
=CAT  \\$aIPL-CLA$c20220630$lBLL01$h1535
=CAT  \\$aBATCH-UPD$b00$c20220824$lBLL01$h0859
=CAT  \\$aIPL-CLA$c20220930$lBLL01$h1424
=CFI  0\$aCurrent copyright fee: GBP36.32$c19\0$e01-oct-2022$fGBP36.32$g0$hP$5Uk
=CFI  2\$aPrevious copyright fee: GBP34.86$c19\0$e01-jul-2022$fGBP34.86$g0$hP$5Uk
=FFP  \\$aY$bBLDSS-3PM
=FIN  \\$aY
=FMT  \\$a  SE
=LAS  \\$aIPL-CLA$b00$c20220930$lBLL01$h1424
=LEO  \\$aMP10.0000073161
=SRC  \\$aDSS01$bbibmp10.200404.2.aa
=TCO  \\$aNLD$bSTICHTING REPRORECHT$c008
=TOC  \\$aETOC
=UNO  \\$aY

