=LDR  05208cas a2201081 a 4500
=001  010467440
=003  Uk
=005  20230930080408.0
=006  aa\\\|||||||||||||
=007  ta
=008  040107c20039999xxuqr\p\\\\\\\0\\\a0eng\\
=019  c\$a3004880
=019  0\$as692660003
=022  0\$a1073-1199
=040  \\$aUk$cUk$dUk
=082  04$a615.3905$222
=084  \\$aH 40$2blsrissc
=222  \0$aArtificial cells, blood substitute and biotechnology
=245  00$aArtificial cells, blood substitutes and biotechnology.
=260  \\$aNew York, N.Y. :$bMarcel Dekker,$c2003-
=260  3\$aNew York ;$aLondon :$bInforma Healthcare
=300  \\$av. :$bill. ;$c23 cm.
=310  \\$aQuarterly
=336  \\$atext$2rdacontent
=337  \\$aunmediated$2rdamedia
=338  \\$avolume$2rdacarrier
=362  0\$aVol. 31, no. 1 (2003)-
=500  \\$aLatest issue consulted: Vol. 36, no. 4 (2008).
=530  \\$aAlso available on the Internet.
=540  \\$aCurrent copyright fee: zero$c2\0$5Uk
=595  \\$aFORMERLY 1735.0225 UP TO VOL. 30, 2002.
=650  \0$aArtificial cells$vPeriodicals.
=650  \0$aBlood substitutes$vPeriodicals.
=780  00$tArtificial cells, blood substitutes and immobilization biotechnology$x1073-1199
=852  71$aBritish Library$bSTI$k(P)$hH 40$m-E(24)$2blsrissc$3Vol. 31, no. 1 (2003)-v. 40, no. 6 (2012)***Items prior to 2008 available for remote supply. Items 2008 onwards available for reading room only
=852  41$aBritish Library$bDSC$j1735.021200$3Vol. 31, no. 1 (2003)-v. 36, no. 6 (2008)***UKRR Retained Title
=856  \\$31850-9999$uhttp://informahealthcare.com$xBLDSS
=945  \\$aARTIFICIAL CELLS BLOOD SUBSTITUTES AND BIOTECHNOLOGY.
=957  \\$a040107p
=959  \\$fHeld but not currently received
=985  \\$aRecord merged by SUNCAT team
=985  \\$aISSN information - ISSN responsibility held by ISSN US Centre. This title was treated as a minor title change from: Artificial cells, blood substitutes and immobilization biotechnology ISSN 1073-1199. The same ISSN continues to apply.
=ACF  \\$aPrevious copyright fee: GBP36.00$c45\0$e01-jan-2017$fGBP36.00$g0$hP$5Uk
=ACF  \\$aPrevious copyright fee: GBP19.00$c2\0$e01-apr-2008$fGBP19.00$g0$hP$5Uk
=ACF  \\$aPrevious copyright fee: GBP20.00$c2\0$e01-jan-2007$fGBP20.00$g0$hP$5Uk
=ACF  \\$aPrevious Copyright Fee: GBP18.00$c2\0$e28-apr-2006$fGBP18.00$g0$hP$5Uk
=ACF  \\$aCurrent copyright fee: GBP5.00$c0$e01-oct-2002$fGBP5.00$g0$hA$5Uk
=ACF  \\$aCurrent copyright fee: GBP20.00$c2\0$e01-jan-2009$fGBP20.00$g0$hP$5Uk
=ACF  \\$aPrevious copyright fee: GBP29.00$c45\0$e18-nov-2009$fGBP29.00$g0$hP$5Uk
=ACF  \\$aPrevious copyright fee: GBP33.00$c45\0$e01-apr-2015$fGBP33.00$g0$hP$5Uk
=ACF  \\$aPrevious copyright fee: GBP34.00$c45\0$e01-jan-2016$fGBP34.00$g0$hP$5Uk
=ACF  \\$aPrevious copyright fee: GBP38.00$c45\0$e01-jan-2018$fGBP38.00$g0$hP$5Uk
=CAT  \\$aCONV$b00$c20040425$lBLL90$h0659
=CAT  \\$aBATCH-UPD$b40$c20090101$lBLL01$h0020
=CAT  \\$aBATCH$b00$c20090101$lBLL01$h0154
=CAT  \\$a5552$b40$c20091118$lBLL01$h0854
=CAT  \\$a8483$b40$c20110111$lBLL01$h1419
=CAT  \\$aBATCH-UPD$b40$c20120614$lBLL01$h2118
=CAT  \\$aBATCH-CLA$b00$c20121105$lBLL01$h1745
=CAT  \\$aBATCH-UPD$b00$c20121125$lBLL01$h1434
=CAT  \\$aWR13.005$c20130322$lBLL01$h2000
=CAT  \\$aBLDSS-3PM$b00$c20141121$lBLL01$h1801
=CAT  \\$a5552$b40$c20150209$lBLL01$h0913
=CAT  \\$aIPL-CLA$c20150331$lBLL01$h1625
=CAT  \\$aBATCH-UPD$b00$c20151119$lBLL01$h1559
=CAT  \\$aIPL-CLA$c20151231$lBLL01$h1913
=CAT  \\$aBATCH-UPD$b00$c20160413$lBLL01$h1809
=CAT  \\$aBATCH-UPD$b00$c20160524$lBLL01$h2148
=CAT  \\$aBATCH-UPD$b00$c20160524$lBLL01$h2155
=CAT  \\$aBATCH-UPD$b00$c20161122$lBLL01$h1537
=CAT  \\$aIPL-CLA$c20161230$lBLL01$h1937
=CAT  \\$aBATCH-UPD$b00$c20171121$lBLL01$h1717
=CAT  \\$aIPL-CLA$c20171231$lBLL01$h1508
=CAT  \\$aBATCH-UPD$b00$c20181217$lBLL01$h1705
=CAT  \\$a5552$b40$c20181218$lBLL01$h1409
=CAT  \\$aBATCH-FIX$c20230511$lBLL01$h1627
=CAT  \\$aR2308-1440$c20230824$lBLL01$h0926
=CAT  \\$aIPL-CLA$c20230930$lBLL01$h0804
=CFI  0\$aCurrent copyright fee: zero$c2\0$e01-oct-2023$fGBP0.00$g0$hP$5Uk
=CFI  2\$aPrevious copyright fee: zero$c45\0$e18-dec-2018$fGBP0.00$g0$hP$5Uk
=FFP  \\$aY$bBLDSS-3PM
=FIN  \\$aY
=FMT  \\$a  SE
=LAS  \\$aIPL-CLA$b00$c20230930$lBLL01$h0804
=LEO  \\$aMP25.0000369407
=LEO  \\$aMP10.0000077072
=LKR  \\$aPAR$b009548132$lBLL01$nArtificial cells, blood substi$mArtificial cells, blood substi$r78000
=LKR  \\$aPAR$b013352836$lBLL01$r776$mArtificial cells, blood substitutes and biotechnology.$nArtificial cells, blood substitutes, and biotechnology (Online)
=SRC  \\$aSRI01$bbibmp25.200404.2.aa
=SRC  \\$aDSS01$bbibmp10.200404.2.aa
=SSD  \\$a25500{dollar}aVol. 31, no. 1 (2003)-; 50300{dollar}aContinues: Artificial cells, blood substitutes and immobilization biotechnology; 74500{dollar}aArtificial cells, blood substitutes and immobilization biotechnology{dollar}w1073-1199
=TCO  \\$aTRS$bCCC$c008
=TOC  \\$aETOC

