=LDR  06185cas a2201357 a 4500
=001  010472572
=003  Uk
=005  20230930080414.0
=006  aach\|||||||||||||
=007  ta
=008  000508c19909999stk\x\m\\\\\\\0\\\a0eng\\
=015  \\$aGB9048669$2bnb
=019  c\$a2415605
=019  y\$ab9048669
=019  9\$ab9048669
=019  1\$ab9048669
=022  0\$a1350-7532
=039  0\$a2111
=040  \\$aUk$cUk$dUk
=082  04$a943.6053$220
=210  0\$aAustrian stud.
=222  \0$aAustrian studies
=245  00$aAustrian studies.
=260  \\$aEdinburgh :$bEdinburgh University Press,$c1990-
=300  \\$av. :$bill., facsims.,ports. ;$c24cm.
=310  \\$aIrregular
=336  \\$atext$2rdacontent
=337  \\$aunmediated$2rdamedia
=338  \\$avolume$2rdacarrier
=362  0\$a1-
=500  \\$aEach issue has a distinctive title.
=540  \\$aCurrent copyright fee: GBP37.00$c2\0$5Uk
=653  \\$aAustrian culture$aSerials
=852  41$aBritish Library$bHMNTS$jYC.1990.b.6739$31, 1990- *A=1
=852  41$aBritish Library$bDSC$j1825.259000$3No. 1 (1990)-n. 19 (2011); Vol. 27 (2019) ; Vol. 30 (2022)***UKRR Retained Title
=856  \\$31850-9999$uhttp://maneypublishing.com/$xBLDSS
=945  \\$aAUSTRIAN STUDIES -EDINBURGH-.
=959  \\$fHeld but not currently received
=963  \\$a1, 1990- *A=1$bN$cL607.C.51
=985  \\$aRecord merged by SUNCAT team
=985  \\$aISSN responsibility for ISSN transferred to the International ISSN Centre from ISSN UK Centre, 14.04.11.
=ACF  \\$aPrevious Copyright Fee: GBP10.00$c0$e01-Jan-2010$fGBP10.00$g0$hC$5Uk
=ACF  \\$aPrevious Copyright Fee: GBP10.00$c0$e01-oct-2009$fGBP10.00$g0$hC$5Uk
=ACF  \\$aPrevious Copyright Fee: GBP10.00$c0$e01-jul-2009$fGBP10.00$g0$hC$5Uk
=ACF  \\$aPrevious Copyright Fee: GBP10.00$c0$e01-apr-2009$fGBP10.00$g0$hC$5Uk
=ACF  \\$aPrevious Copyright Fee: GBP10.00$c0$e01-jan-2009$fGBP10.00$g0$hC$5Uk
=ACF  \\$aPrevious Copyright Fee: GBP10.00$c0$e01-oct-2008$fGBP10.00$g0$hC$5Uk
=ACF  \\$aPrevious Copyright Fee: GBP10.00$c0$e01-jul-2008$fGBP10.00$g0$hC$5Uk
=ACF  \\$aPrevious Copyright Fee: GBP10.00$c0$e01-apr-2008$fGBP10.00$g0$hC$5Uk
=ACF  \\$aPrevious Copyright Fee: GBP10.00$c0$e01-jan-2008$fGBP10.00$g0$hC$5Uk
=ACF  \\$aPrevious Copyright Fee: GBP10.00$c0$e01-oct-2007$fGBP10.00$g0$hC$5Uk
=ACF  \\$aPrevious Copyright Fee: GBP10.00$c0$e01-jul-2007$fGBP10.00$g0$hC$5Uk
=ACF  \\$aPrevious Copyright Fee: GBP10.00$c0$e01-apr-2007$fGBP10.00$g0$hC$5Uk
=ACF  \\$aPrevious Copyright Fee: GBP10.00$c0$e01-jan-2007$fGBP10.00$g0$hC$5Uk
=ACF  \\$aPrevious Copyright Fee: GBP10.00$c0$e01-oct-2006$fGBP10.00$g0$hC$5Uk
=ACF  \\$aPrevious Copyright Fee: GBP10.00$c0$e01-jul-2006$fGBP10.00$g0$hC$5Uk
=ACF  \\$aPrevious Copyright Fee: GBP5.00$c0$e01-apr-2006$fGBP5.00$g0$hC$5Uk
=ACF  \\$aPrevious Copyright Fee: GBP9.00$c0$e01-jan-2006$fGBP9.00$g0$hC$5Uk
=ACF  \\$aPrevious Copyright Fee: GBP9.00$c0$e01-oct-2005$fGBP9.00$g0$hC$5Uk
=ACF  \\$aPrevious Copyright Fee: GBP9.00$c0$e01-jul-2005$fGBP9.00$g0$hC$5Uk
=ACF  \\$aPrevious Copyright Fee: GBP9.00$c0$e01-apr-2005$fGBP9.00$g0$hC$5Uk
=ACF  \\$aPrevious Copyright Fee: GBP9.00$c0$e01-jan-2005$fGBP9.00$g0$hC$5Uk
=ACF  \\$aPrevious Copyright Fee: GBP9.00$c0$e01-oct-2004$fGBP9.00$g0$hC$5Uk
=ACF  \\$aPrevious copyright fee: GBP5.00$c0$e01-jul-2002$fGBP5.00$g0$hA$5Uk
=ACF  \\$aCurrent copyright fee: GBP2.50$c0$e01-jul-1998$fGBP2.50$g0$hC$5Uk
=ACF  \\$aCurrent copyright fee: GBP2.30$c0$e01-apr-1997$fGBP2.30$g0$hC$5Uk
=ACF  \\$aPrevious Copyright Fee: GBP18.00$c47\0$e01-apr-2010$fGBP18.00$g0$hP$5Uk
=ACF  \\$aPrevious copyright fee: GBP25.00$c47\0$e01-jul-2012$fGBP25.00$g0$hP$5Uk
=ACF  \\$aPrevious copyright fee: GBP28.00$c47\0$e01-jan-2017$fGBP28.00$g0$hP$5Uk
=ACF  \\$aPrevious copyright fee: GBP26.00$c47\0$e01-jan-2016$fGBP26.00$g0$hP$5Uk
=ACF  \\$aPrevious copyright fee: GBP32.00$c47\0$e11-jan-2019$fGBP32.00$g0$hP$5Uk
=ACF  \\$aPrevious copyright fee: GBP34.00$c47\0$e01-jan-2020$fGBP34.00$g0$hP$5Uk
=ACF  \\$aPrevious copyright fee: GBP35.00$c47\0$e01-jan-2021$fGBP35.00$g0$hP$5Uk
=CAT  \\$aCONV$b00$c20040425$lBLL90$h0659
=CAT  \\$aWR10_147$b40$c20101107$lBLL01$h2013
=CAT  \\$aWR10_147$b40$c20101107$lBLL01$h2018
=CAT  \\$a11315$b40$c20110414$lBLL01$h0857
=CAT  \\$a5552$b40$c20120402$lBLL01$h1114
=CAT  \\$a9504$b40$c20120411$lBLL01$h0948
=CAT  \\$aBATCH-UPD$b40$c20120614$lBLL01$h2118
=CAT  \\$aIPL-CLA$c20120629$lBLL01$h1012
=CAT  \\$aBATCH-CLA$b00$c20121105$lBLL01$h1745
=CAT  \\$aWR13.005$c20130322$lBLL01$h2002
=CAT  \\$aWR14_140$c20140905$lBLL01$h1742
=CAT  \\$aBLDSS-3PM$b00$c20141208$lBLL01$h1623
=CAT  \\$aBATCH-UPD$b00$c20151119$lBLL01$h1602
=CAT  \\$aIPL-CLA$c20151231$lBLL01$h1913
=CAT  \\$aBATCH-UPD$b00$c20161122$lBLL01$h1542
=CAT  \\$aBATCH-UPD$b00$c20161122$lBLL01$h1817
=CAT  \\$aIPL-CLA$c20161230$lBLL01$h1939
=CAT  \\$a5552$b40$c20190111$lBLL01$h1211
=CAT  \\$aBATCH-UPD$b40$c20191122$lBLL01$h1920
=CAT  \\$aIPL-CLA$c20191231$lBLL01$h1824
=CAT  \\$aBATCH-UPD$b00$c20201118$lBLL01$h1354
=CAT  \\$aIPL-CLA$c20201231$lBLL01$h1523
=CAT  \\$aBATCH-UPD$b00$c20221121$lBLL01$h1429
=CAT  \\$aIPL-CLA$c20221231$lBLL01$h1439
=CAT  \\$aR2308-1440$c20230824$lBLL01$h0926
=CAT  \\$aIPL-CLA$c20230930$lBLL01$h0804
=CFI  0\$aCurrent copyright fee: GBP37.00$c2\0$e01-oct-2023$fGBP37.00$g0$hP$5Uk
=CFI  2\$aPrevious copyright fee: GBP37.00$c47\0$e01-jan-2023$fGBP37.00$g0$hP$5Uk
=FFP  \\$aY$bBLDSS-3PM
=FIN  \\$aY
=FMT  \\$a  SE
=LAS  \\$aIPL-CLA$b00$c20230930$lBLL01$h0804
=LEO  \\$aMP5.0000786927
=LEO  \\$aMP13.0000305746
=LEO  \\$aMP22.0000041165
=LEO  \\$aMP10.0000084427
=MIS  \\$aSO
=SRC  \\$aBNB03$bbibmp5.200404.2.ab
=SRC  \\$aHSS01$bbibmp13.200404.2.aa
=SRC  \\$aISN01$bbibmp22.200404.2.aa
=SRC  \\$aDSS01$bbibmp10.200404.2.aa
=TCO  \\$aCLA$bCLA$c008
=TOC  \\$aETOC

