=LDR  05135cas a2201117 a 4500
=001  010482130
=003  Uk
=005  20201124184213.0
=007  ta
=008  800724d1959201uja\fr\p\\\\\\\0\\\a0eng\c
=010  \\$a83645874$zsn 81003950
=019  c\$a2090014
=022  0\$a0448-8954$l0448-8954
=035  \\$a(OCoLC)ocm06548536
=037  \\$bNCC Center for the Study of Japanese Religions, Karasuma-Shimotachiuri, Kamikyo-ku, Kyoto, 602-8011 Japan
=040  \\$aMBTI$cMBTI$dNSDP$dOCoLC$dNST$dDLC$dNSDP$dNST$dDLC$dAIP$dNST$dMBTI$dNST$dDLC$dNST$dOCoLC$dNST$dInU$dMH$dOCoLC$dWaU$dOCoLC$dUk
=041  0\$aeng$ajpn
=042  \\$apcc$ansdp
=043  \\$aa-ja---
=050  00$aBL2202$b.J37
=082  04$a200.952$223
=210  0\$aJpn. relig.
=222  \0$aJapanese religions
=245  00$aJapanese religions.
=260  \\$aKyoto, Japan :$bChristian Center for the Study of Japanese Religions
=300  \\$av. :$bill. ;$c21 cm.
=310  \\$aSemiannual$b<, July 1991- >
=321  \\$aQuarterly
=321  \\$aIrregular
=336  \\$atext$2rdacontent
=337  \\$aunmediated$2rdamedia
=338  \\$avolume$2rdacarrier
=362  1\$aBegan in 1959. Ceased in 2011?
=500  \\$aDescription based on: Vol. 2, no. 1 (Apr. 1960); title from cover.
=500  \\$aLatest issue consulted: Vol. 29, no. 1 & 2 (Jan. 2004).
=515  \\$aFirst issue is not numbered or dated but constitutes v. 1, no. 1.
=515  \\$aVol. for 1992- consist of 2 issues each.
=540  \\$aCurrent Copyright Fee: GBP12.30$c0$5Uk
=546  \\$aEnglish and Japanese, <Apr. 1969>-Dec. 1962; English, spring 1963-
=550  \\$aIssued by: Christian Center for the Study of Japanese Religions, <Apr. 1960>-Mar. 1962; NCC Center for the Study of Japanese Religions, spring 1963-
=595  \\$aSEE ALSO CARD INDEX.
=651  \0$aJapan$xReligion$vPeriodicals.
=710  2\$aNihon Kirisutokyō Kyōgikai.$bShūkyō Kenkyūjo.
=710  2\$aShoshūkyō Kenkyū Sentā (Japan)
=780  00$tQuarterly notes (Shoshūkyō kenkyū Sentā (Japan))
=852  41$aBritish Library$bDSC$j4661.600000$3Vol. 7, no. 2 (1971)-v. 36, no. 1/2 (2011)***UKRR Retained Title***Stock incomplete
=945  \\$aJAPANESE RELIGIONS.
=959  \\$fHeld but not currently received
=963  \\$aVOL. 2(1), 1960 *A=1$bN$cFJ.998.182-
=985  \\$aISSN UK: Due to be published by Equinox Publishing (London) from 2012 - currently responsibility of ISSN Japan - need to take responsibility for print version and complete and link online version in due course - see pre-pub file for online version (ISSN 2046-908X) for correspondence with publisher and ISSN Japan (Richard, 07/04/11)
=985  \\$aUpgraded by BSS-generated file for WR2011-1473
=A02  \\$a2090014
=ACF  \\$aPrevious Copyright Fee: GBP12.00$c0$e01-apr-2012$fGBP12.00$g0$hC$5Uk
=ACF  \\$aPrevious Copyright Fee: GBP12.00$c0$e01-jan-2012$fGBP12.00$g0$hC$5Uk
=ACF  \\$aPrevious Copyright Fee: GBP10.50$c0$e01-oct-2011$fGBP10.50$g0$hC$5Uk
=ACF  \\$aPrevious copyright fee: GBP10.50$c0$e01-jan-2011$fGBP10.50$g0$hA$5Uk
=ACF  \\$aPrevious copyright fee: GBP5.00$c0$e01-jul-2002$fGBP5.00$g0$hC$5Uk
=ACF  \\$aCurrent copyright fee: GBP2.50$c0$e01-jul-1998$fGBP2.50$g0$hC$5Uk
=ACF  \\$aCurrent copyright fee: GBP2.30$c0$e01-apr-1997$fGBP2.30$g0$hC$5Uk
=ACF  \\$aPrevious Copyright Fee: GBP12.00$c0$e01-jul-2012$fGBP12.00$g0$hC$5Uk
=CAT  \\$aCONV$b00$c20040425$lBLL90$h0705
=CAT  \\$aBATCH$b00$c20091214$lBLL01$h0548
=CAT  \\$aBATCH$b00$c20091216$lBLL01$h0142
=CAT  \\$aBATCH-UPD$b00$c20101201$lBLL01$h1231
=CAT  \\$aIPL-CLA$c20101231$lBLL01$h1344
=CAT  \\$a10806$b40$c20110407$lBLL01$h1416
=CAT  \\$aBATCH-CLA$b00$c20110831$lBLL01$h1757
=CAT  \\$aIPL-CLA$c20110930$lBLL01$h1528
=CAT  \\$a8201$b40$c20111115$lBLL01$h1200
=CAT  \\$aBATCH-CLA$b00$c20111130$lBLL01$h1159
=CAT  \\$aIPL-CLA$c20111230$lBLL01$h1844
=CAT  \\$aBATCH-CLA$b00$c20120229$lBLL01$h1625
=CAT  \\$aIPL-CLA$c20120330$lBLL01$h1414
=CAT  \\$aBATCH-CLA$b00$c20120531$lBLL01$h1707
=CAT  \\$aBATCH-UPD$b00$c20120614$lBLL01$h2119
=CAT  \\$aIPL-CLA$c20120629$lBLL01$h1012
=CAT  \\$aBATCH-CLA$b00$c20120831$lBLL01$h1537
=CAT  \\$a11385$b40$c20120925$lBLL01$h1221
=CAT  \\$aIPL-CLA$c20120930$lBLL01$h2040
=CAT  \\$aBATCH-CLA$b00$c20121105$lBLL01$h1743
=CAT  \\$aWR13.005$c20130322$lBLL01$h2006
=CAT  \\$a7778$b40$c20131029$lBLL01$h1411
=CAT  \\$aBATCH-CLA$b00$c20150227$lBLL01$h1625
=CAT  \\$aBATCH-UPD$b00$c20150227$lBLL01$h1715
=CAT  \\$aIPL-CLA$c20150331$lBLL01$h1625
=CAT  \\$aW2011-1473$b00$c20201124$lBLL01$h1842
=CFI  0\$aCurrent Copyright Fee: GBP12.30$c0$e01-apr-2015$fGBP12.30$g0$hC$5Uk
=CFI  2\$aPrevious Copyright Fee: GBP12.00$c0$e01-oct-2012$fGBP12.00$g0$hC$5Uk
=FIN  \\$aY
=FMT  \\$a  SE
=LAS  \\$aW2011-1473$b00$c20201124$lBLL01$h1842
=LEO  \\$aMP10.0000310132
=SID  \\$aZ39$bLOC
=SRC  \\$aDSS01$bbibmp10.200404.2.aa
=TCO  \\$aJPN$bJAACC$c008
=TOC  \\$aETOC

