=LDR  06117cas a2201345 a 4500
=001  010484542
=003  Uk
=005  20221231143942.0
=006  aa\\\|||||||||||||
=007  ta
=008  890626c19709999xxutr\p\\\\\\\0\\\a0eng\\
=015  \\$aGB7010961$2bnb
=019  c\$a2090077
=019  y\$aB7010961
=019  9\$ab7010961
=019  c\$a2090942
=019  x\$a0994180128
=022  0\$a0007-1773
=040  \\$aUk$cUk$dUk
=042  \\$aukblsr
=082  04$a142.705$218
=210  0\$aJBSP. J. Br. Soc. Phenomenol.
=222  \0$aJBSP. Journal of the British Society for Phenomenology
=245  04$aThe journal of the British Society for Phenomenology :$bJBSP.
=246  30$aJBSP
=260  \\$aManchester :$bHaigh and Hochland,$c[1970]-
=264  31$3<2014>-$a[United States] :$bRoutledge, Taylor & Francis Group
=300  \\$av. :$bill. ;$c21-26 cm.
=310  \\$aThree times a year
=336  \\$atext$2rdacontent
=337  \\$aunmediated$2rdamedia
=338  \\$avolume$2rdacarrier
=362  0\$aVol. 1, no. 1 (Jan. 1970)-
=540  \\$aCurrent copyright fee: GBP37.00$c2\0$5Uk
=588  \\$aLatest issue consulted: Volume 45, number 1 (2014).
=595  \\$aSEE ALSO SERIAL RECORDS KCC-MAN SCE AND RIA.
=650  \0$aPhenomenology$vPeriodicals.
=710  2\$aBritish Society for Phenomenology.
=776  08$iAlso issued online as:$tJournal of the British Society for Phenomenology$x2332-0486
=852  41$aBritish Library$bDSC$j4719.223000$3Vol. 1, no. 1 (1970)-v. 45, no. 3 (2014)***UKRR Retained Title
=852  41$aBritish Library$bHMNTS$jP.521/858
=856  \\$31850-9999$uhttp://www.tandfonline.com/$xBLDSS
=945  \\$aJOURNAL- BRITISH SOCIETY FOR PHENOMENOLOGY.
=959  \\$fHeld but not currently received
=963  \\$aVOL. 1, 1970- *A=1$bN$cP180.B.63
=985  \\$aISSN UK Centre note: 776 added at request of United States ISSN Center. ISSN 2332-0486 assigned ahead of publication to online version. Responsibility for print ISSN transferred to US under multinational publisher agreement, 13 November 2014.
=985  \\$aRecord merged by DQ team
=A02  \\$a2090942
=ACF  \\$aPrevious Copyright Fee: GBP12.00$c0$e01-apr-2012$fGBP12.00$g0$hC$5Uk
=ACF  \\$aPrevious Copyright Fee: GBP12.00$c0$e01-jan-2012$fGBP12.00$g0$hC$5Uk
=ACF  \\$aPrevious Copyright Fee: GBP10.50$c0$e01-oct-2011$fGBP10.50$g0$hC$5Uk
=ACF  \\$aPrevious Copyright Fee: GBP10.50$c0$e01-jul-2011$fGBP10.50$g0$hC$5Uk
=ACF  \\$aPrevious Copyright Fee: GBP10.50$c0$e01-apr-2011$fGBP10.50$g0$hC$5Uk
=ACF  \\$aPrevious Copyright Fee: GBP10.50$c0$e01-jan-2011$fGBP10.50$g0$hC$5Uk
=ACF  \\$aPrevious Copyright Fee: GBP9.00$c0$e01-oct-2010$fGBP9.00$g0$hC$5Uk
=ACF  \\$aPrevious Copyright Fee: GBP9.00$c0$e01-jul-2010$fGBP9.00$g0$hC$5Uk
=ACF  \\$aPrevious Copyright Fee: GBP9.00$c0$e01-apr-2010$fGBP9.00$g0$hC$5Uk
=ACF  \\$aPrevious Copyright Fee: GBP9.00$c0$e01-Jan-2010$fGBP9.00$g0$hC$5Uk
=ACF  \\$aPrevious Copyright Fee: GBP6.00$c0$e01-oct-2009$fGBP6.00$g0$hC$5Uk
=ACF  \\$aPrevious copyright fee: GBP5.00$c0$e01-jul-2002$fGBP5.00$g0$hC$5Uk
=ACF  \\$aCurrent copyright fee: GBP2.50$c0$e01-jul-1998$fGBP2.50$g0$hC$5Uk
=ACF  \\$aCurrent copyright fee: GBP2.30$c0$e01-apr-1997$fGBP2.30$g0$hC$5Uk
=ACF  \\$aPrevious Copyright Fee: GBP12.00$c0$e01-jul-2012$fGBP12.00$g0$hC$5Uk
=ACF  \\$aPrevious Copyright Fee: GBP12.30$c0$e01-jan-2014$fGBP12.30$g0$hC$5Uk
=ACF  \\$aPrevious Copyright Fee: GBP12.00$c0$e01-oct-2012$fGBP12.00$g0$hC$5Uk
=ACF  \\$aPrevious Copyright Fee: GBP24.00$c2\0$e06-may-2014$fGBP24.00$g0$hP$5Uk
=ACF  \\$aPrevious copyright fee: GBP25.00$c2\0$e01-jan-2015$fGBP25.00$g0$hP$5Uk
=ACF  \\$aPrevious copyright fee: GBP26.00$c2\0$e01-jan-2016$fGBP26.00$g0$hP$5Uk
=ACF  \\$aPrevious copyright fee: GBP28.00$c2\0$e01-jan-2017$fGBP28.00$g0$hP$5Uk
=ACF  \\$aPrevious copyright fee: GBP30.00$c2\0$e01-jan-2018$fGBP30.00$g0$hP$5Uk
=ACF  \\$aPrevious copyright fee: GBP32.00$c2\0$e01-jan-2019$fGBP32.00$g0$hP$5Uk
=ACF  \\$aPrevious copyright fee: GBP34.00$c2\0$e01-jan-2020$fGBP34.00$g0$hP$5Uk
=CAT  \\$aCONV$b00$c20040425$lBLL90$h0705
=CAT  \\$aIPL-CLA$c20131231$lBLL01$h2120
=CAT  \\$a5552$b40$c20140506$lBLL01$h1547
=CAT  \\$a5552$b40$c20140506$lBLL01$h1550
=CAT  \\$aWR14_140$c20140905$lBLL01$h1742
=CAT  \\$a8124$b40$c20141106$lBLL01$h1122
=CAT  \\$a11315$b40$c20141113$lBLL01$h0955
=CAT  \\$aBATCH-UPD$b40$c20141124$lBLL01$h1801
=CAT  \\$aBLDSS-3PM$b00$c20141130$lBLL01$h1246
=CAT  \\$aCDS15-UPD$b40$c20141130$lBLL01$h1852
=CAT  \\$aIPL-CLA$c20141231$lBLL01$h1646
=CAT  \\$aBATCH-UPD$b00$c20151119$lBLL01$h1541
=CAT  \\$aIPL-CLA$c20151231$lBLL01$h1913
=CAT  \\$aBATCH-UPD$b00$c20161017$lBLL01$h0842
=CAT  \\$aBATCH-UPD$b00$c20161122$lBLL01$h1511
=CAT  \\$aIPL-CLA$c20161230$lBLL01$h1942
=CAT  \\$aBATCH-UPD$b00$c20171121$lBLL01$h1645
=CAT  \\$aIPL-CLA$c20171231$lBLL01$h1513
=CAT  \\$aBATCH-UPD$b00$c20181217$lBLL01$h1636
=CAT  \\$aIPL-CLA$c20181231$lBLL01$h1536
=CAT  \\$aBATCH-UPD$b00$c20191122$lBLL01$h1859
=CAT  \\$aIPL-CLA$c20191231$lBLL01$h1827
=CAT  \\$aBATCH-UPD$b00$c20201118$lBLL01$h1332
=CAT  \\$aIPL-CLA$c20201231$lBLL01$h1524
=CAT  \\$aBATCH-UPD$b00$c20221121$lBLL01$h1345
=CAT  \\$aIPL-CLA$c20221231$lBLL01$h1439
=CFI  0\$aCurrent copyright fee: GBP37.00$c2\0$e01-jan-2023$fGBP37.00$g0$hP$5Uk
=CFI  2\$aPrevious copyright fee: GBP35.00$c2\0$e01-jan-2021$fGBP35.00$g0$hP$5Uk
=FFP  \\$aY$bBLDSS-3PM
=FIN  \\$aY
=FMT  \\$a  SE
=LAS  \\$aIPL-CLA$b00$c20221231$lBLL01$h1439
=LEO  \\$aMP10.0000310467
=LEO  \\$aMP10.0000313930
=LEO  \\$aMP1.0001186513
=LEO  \\$aMP2.0000303713
=LEO  \\$aMP22.0000000339
=SRC  \\$aISN01$bbibmp22.200404.2.aa
=SRC  \\$aBNB01$bbibmp2.200404.2.aa
=SRC  \\$aBLS01$bbibmp1.200404.2.ab
=SRC  \\$aDSS01$bbibmp10.200404.2.aa
=TCO  \\$aCLA$bCLA$c008
=TOC  \\$aETOC

