=LDR  06584cas a2201417 a 4500
=001  010484578
=003  Uk
=005  20220930142458.0
=007  ta
=008  860602c19869999qucqx\p\\\\\\\0\\\a0eng\c
=010  \\$asn 89002854$zcn 90039001
=019  c\$a2090978
=019  c\$a2217343
=019  c\$a3005152
=022  \\$a0846-5371$l0846-5371$y0008-2902$y1488-2361
=030  \\$aCARJE4
=035  \\$a(OCoLC)13675053$z(OCoLC)44653563
=040  \\$aMDU$beng$cMDU$dNLM$dNSD$dNLC$dNSD$dNST$dWAU$dNST$dHUL$dSYS$dEYM$dOCLCQ$dNLM$dOCLCQ$dCUS$dCLU$dBUF$dOCLCQ$dUk
=041  0\$aeng$bfre
=042  \\$ansdp
=043  \\$an-cn---
=050  \4$aRC78.A1
=055  01$aRM845
=060  00$aW1$bCA529
=082  04$a616.0757$222
=210  0\$aCan. Assoc. Radiol. j.
=222  \0$aCanadian Association of Radiologists journal
=245  00$aCanadian Association of Radiologists journal =$bJournal de l'Association canadienne des radiologistes.
=246  31$aJournal de l'Association canadienne des radiologistes
=246  17$aJournal of the Canadian Association of Radiologists
=260  \\$aMontréal :$bMedicöpea,$c1986-
=260  2\$a[Ottawa :$bCanadian Medical Association]
=260  3\$a[Toronto] :$bElsevier
=300  \\$av. :$bill. ;$c28 cm.
=310  \\$aFive no. a year,$b2002-
=321  \\$aBimonthly,$b1989-2001
=321  \\$aQuarterly,$b1986-1988
=336  \\$atext$2rdacontent
=337  \\$aunmediated$2rdamedia
=338  \\$avolume$2rdacarrier
=362  0\$aVol. 37, no. 1 (Mar. 1986)-
=500  \\$aLatest issue consulted: Vol. 37, no. 4 (Dec. 1986).
=540  \\$aCurrent copyright fee: GBP36.32$c19\0$5Uk
=546  \\$aIncludes some text in French.
=650  \0$aRadiology, Medical$vPeriodicals.
=650  \0$aRadiology, Medical$zCanada$vPeriodicals.
=710  2\$aCanadian Association of Radiologists.
=780  00$aCanadian Association of Radiologists.$tJournal of the Canadian Association of Radiologists$x0008-2902
=852  41$aBritish Library$bDSC$j4722.500000$3Vol. 7, no. 1 (1956)-v. 62, no. 4 (2011)***UKRR Retained Title
=856  \\$31850-9999$uhttp://www.elsevier.com/journals$xBLDSS
=945  \\$aJournal- Canadian Association of Radiologists
=959  \\$fHeld but not currently received
=985  \\$aRecord merged by DQ team
=985  \\$aISSN responsibility already transferred to UK - now SAGE - waiting for print copy to arrive before adding coding (11/03/20). Print copy claimed 19/11/21 (Richard)
=A02  \\$a2090978
=ACF  \\$aCurrent Copyright Fee: GBP20.00$c0$e01-jul-2010$fGBP20.00$g0$hC$5Uk
=ACF  \\$aPrevious Copyright Fee: GBP5.00$c0$e01-apr-2009$fGBP5.00$g0$hC$5Uk
=ACF  \\$aPrevious Copyright Fee: GBP4.38$c0$e01-jan-2009$fGBP4.38$g0$hC$5Uk
=ACF  \\$aPrevious Copyright Fee: GBP3.50$c0$e01-oct-2008$fGBP3.50$g0$hC$5Uk
=ACF  \\$aPrevious Copyright Fee: GBP2.61$c0$e01-jul-2008$fGBP2.61$g0$hC$5Uk
=ACF  \\$aPrevious Copyright Fee: GBP2.59$c0$e01-apr-2008$fGBP2.59$g0$hC$5Uk
=ACF  \\$aPrevious Copyright Fee: GBP2.61$c0$e01-jul-2007$fGBP2.61$g0$hC$5Uk
=ACF  \\$aPrevious Copyright Fee: GBP2.68$c0$e01-apr-2007$fGBP2.68$g0$hC$5Uk
=ACF  \\$aPrevious Copyright Fee: GBP2.82$c0$e01-oct-2006$fGBP2.82$g0$hC$5Uk
=ACF  \\$aPrevious Copyright Fee: GBP2.98$c0$e01-apr-2006$fGBP2.98$g0$hC$5Uk
=ACF  \\$aPrevious Copyright Fee: GBP2.90$c0$e01-jan-2006$fGBP2.90$g0$hC$5Uk
=ACF  \\$aPrevious Copyright Fee: GBP2.82$c0$e01-apr-2005$fGBP2.82$g0$hC$5Uk
=ACF  \\$aPrevious Copyright Fee: GBP2.90$c0$e01-jan-2005$fGBP2.90$g0$hC$5Uk
=ACF  \\$aPrevious copyright fee: GBP1.41$c0$e01-apr-2004$fGBP1.41$g0$hC$5Uk
=ACF  \\$aCurrent copyright fee: GBP1.53$c0$e01-jan-2004$fGBP1.53$g0$hC$5Uk
=ACF  \\$aCurrent copyright fee: GBP1.63$c0$e01-jan-2003$fGBP1.63$g0$hC$5Uk
=ACF  \\$aPrevious copyright fee: GBP20.00$c5\1$e30-sep-2010$fGBP20.00$g0$hP$5Uk
=ACF  \\$aPrevious copyright fee: GBP21.00$c5\1$e01-jan-2012$fGBP21.00$g0$hP$5Uk
=ACF  \\$aPrevious copyright fee: GBP22.50$c5\1$e01-jan-2013$fGBP22.50$g0$hP$5Uk
=ACF  \\$aPrevious copyright fee: GBP32.84$c5\1$e01-jul-2019$fGBP32.84$g0$hP$5Uk
=ACF  \\$aPrevious copyright fee: GBP23.40$c5\1$e01-jan-2018$fGBP23.40$g0$hP$5Uk
=ACF  \\$aPrevious copyright fee: GBP33.52$c19\0$e26-jun-2020$fGBP33.52$g0$hP$5Uk
=ACF  \\$aPrevious copyright fee: GBP34.86$c19\0$e01-jul-2020$fGBP34.86$g0$hP$5Uk
=ACF  \\$aPrevious copyright fee: GBP32.28$c19\0$e01-apr-2021$fGBP32.28$g0$hP$5Uk
=ACF  \\$aPrevious copyright fee: GBP31.13$c19\0$e07-jul-2021$fGBP31.13$g0$hP$5Uk
=CAT  \\$aCONV$b00$c20040425$lBLL90$h0705
=CAT  \\$aBATCH-CLA$b00$c20121105$lBLL01$h1743
=CAT  \\$aBATCH-UPD$b00$c20121121$lBLL01$h1654
=CAT  \\$aWR12_168$c20121206$lBLL01$h1812
=CAT  \\$aIPL-CLA$c20121231$lBLL01$h1257
=CAT  \\$aIPL-CLA$c20130102$lBLL01$h1706
=CAT  \\$aBATCH-CLA$b00$c20140125$lBLL01$h1322
=CAT  \\$aBATCH-CLA$c20140225$lBLL01$h2316
=CAT  \\$aBLDSS-3PM$b00$c20141222$lBLL01$h1711
=CAT  \\$aBATCH-UPD$b00$c20170725$lBLL01$h1955
=CAT  \\$aBATCH-UPD$b00$c20171121$lBLL01$h1740
=CAT  \\$aIPL-CLA$c20171231$lBLL01$h1513
=CAT  \\$aBATCH-UPD$b00$c20190521$lBLL01$h1432
=CAT  \\$aIPL-CLA$c20190630$lBLL01$h1528
=CAT  \\$a10806$b40$c20200311$lBLL01$h0822
=CAT  \\$a5552$b40$c20200626$lBLL01$h0900
=CAT  \\$aIPL-CLA$c20200701$lBLL01$h0049
=CAT  \\$aBATCH-UPD$b00$c20210226$lBLL01$h1037
=CAT  \\$aIPL-CLA$c20210331$lBLL01$h1657
=CAT  \\$aBATCH-UPD$b00$c20210707$lBLL01$h1601
=CAT  \\$aIPL-CLA$c20210707$lBLL01$h1842
=CAT  \\$a10806$b40$c20211119$lBLL01$h0757
=CAT  \\$aBATCH-UPD$b40$c20220520$lBLL01$h1633
=CAT  \\$aIPL-CLA$c20220630$lBLL01$h1535
=CAT  \\$aBATCH-UPD$b00$c20220824$lBLL01$h0859
=CAT  \\$aIPL-CLA$c20220930$lBLL01$h1424
=CFI  0\$aCurrent copyright fee: GBP36.32$c19\0$e01-oct-2022$fGBP36.32$g0$hP$5Uk
=CFI  2\$aPrevious copyright fee: GBP34.86$c19\0$e01-jul-2022$fGBP34.86$g0$hP$5Uk
=FFP  \\$aY$bBLDSS-3PM
=FIN  \\$aY
=FMT  \\$a  SE
=LAS  \\$aIPL-CLA$b00$c20220930$lBLL01$h1424
=LEO  \\$aMP10.0000131495
=LEO  \\$aMP10.0000313511
=LEO  \\$aMP10.0000314009
=LKR  \\$aPAR$b015661507$lBLL01$nCanadian Association of Radiologists journal (Online)$mCanadian Association of Radiologists journal (Print)$r776
=SID  \\$aZ39$bOCLC
=SRC  \\$aDSS01$bbibmp10.200404.2.aa
=TCO  \\$aCAN$bCOPIBEC$c008
=TOC  \\$aETOC
=UNO  \\$aY

