=LDR  05402cas a2201201 a 4500
=001  010488258
=003  Uk
=005  20230210005348.0
=007  ta
=008  770420d19701976xxkbr\p\\\\\\\0\\\a0eng\\
=019  0\$as24930600x
=019  c\$a2093268
=022  0\$a0449-5705
=040  \\$aUk$cUk$dUk
=082  04$a572.43$222
=084  \\$aKJ 03$2blsrissc
=084  \\$aKH 617$2blsrissc
=210  0\$aJ. bioenerg.
=222  \0$aJournal of bioenergetics
=245  00$aJournal of bioenergetics.
=260  \\$aLondon ;$aNew York :$bPlenum Press,$c1970-1976.
=300  \\$a8 v. :$bill. ;$c26 cm.
=310  \\$aEvery two months
=336  \\$atext$2rdacontent
=337  \\$aunmediated$2rdamedia
=338  \\$avolume$2rdacarrier
=362  0\$av. 1-8, no. 2; June 1970-Apr. 1976.
=500  \\$aSize varies.
=540  \\$aCurrent Copyright Fee: GBP29.95$c0$5Uk
=595  \\$aCONTD AS 4952.82 VOL. 8(3), 1976-
=650  \0$aBioenergetics$vPeriodicals.
=852  71$aBritish Library$bSTI$k(P)$hKJ 03$m-E(1)$2blsrissc$31970-1976; Vol.1 - vol.8, no.2
=852  41$aBritish Library$bDSC$j4952.800000$3Vol. 1, no. 1 (1970)-v. 7, no. 6 (1976)***UKRR Retained Title
=945  \\$aJOURNAL OF BIOENERGETICS.
=959  \\$fHeld but not currently received
=963  \\$aVOL. 1, 1970- 8(2), 1976 *A=1$bN$cP379.B.250
=985  \\$aRecord merged by DQ team
=985  \\$aISSN responsibility held by the US ISSN Centre.
=A02  \\$a2093268
=ACF  \\$aPrevious Copyright Fee: GBP24.29$c0$e01-jul-2009$fGBP24.29$g0$hC$5Uk
=ACF  \\$aPrevious Copyright Fee: GBP24.29$c0$e01-apr-2009$fGBP24.29$g0$hC$5Uk
=ACF  \\$aPrevious Copyright Fee: GBP20.00$c0$e01-jan-2009$fGBP20.00$g0$hC$5Uk
=ACF  \\$aPrevious Copyright Fee: GBP16.00$c0$e01-oct-2008$fGBP16.00$g0$hC$5Uk
=ACF  \\$aPrevious Copyright Fee: GBP16.00$c0$e01-jul-2008$fGBP16.00$g0$hC$5Uk
=ACF  \\$aPrevious Copyright Fee: GBP16.00$c0$e01-apr-2008$fGBP16.00$g0$hC$5Uk
=ACF  \\$aPrevious Copyright Fee: GBP16.00$c0$e01-jan-2008$fGBP16.00$g0$hC$5Uk
=ACF  \\$aPrevious Copyright Fee: GBP16.00$c0$e01-oct-2007$fGBP16.00$g0$hC$5Uk
=ACF  \\$aPrevious Copyright Fee: GBP16.00$c0$e01-jul-2007$fGBP16.00$g0$hC$5Uk
=ACF  \\$aPrevious Copyright Fee: GBP16.41$c0$e01-apr-2007$fGBP16.41$g0$hC$5Uk
=ACF  \\$aPrevious Copyright Fee: GBP16.22$c0$e01-jan-2007$fGBP16.22$g0$hC$5Uk
=ACF  \\$aPrevious Copyright Fee: GBP16.22$c0$e01-oct-2006$fGBP16.22$g0$hC$5Uk
=ACF  \\$aPrevious Copyright Fee: GBP17.14$c0$e01-jul-2006$fGBP17.14$g0$hC$5Uk
=ACF  \\$aPrevious Copyright Fee: GBP17.14$c0$e01-apr-2006$fGBP17.14$g0$hC$5Uk
=ACF  \\$aPrevious Copyright Fee: GBP16.67$c0$e01-jan-2006$fGBP16.67$g0$hC$5Uk
=ACF  \\$aPrevious Copyright Fee: GBP16.22$c0$e01-oct-2005$fGBP16.22$g0$hC$5Uk
=ACF  \\$aPrevious Copyright Fee: GBP16.22$c0$e01-jul-2005$fGBP16.22$g0$hC$5Uk
=ACF  \\$aPrevious Copyright Fee: GBP16.22$c0$e01-apr-2005$fGBP16.22$g0$hC$5Uk
=ACF  \\$aPrevious Copyright Fee: GBP13.89$c0$e01-jan-2005$fGBP13.89$g0$hC$5Uk
=ACF  \\$aPrevious Copyright Fee: GBP13.51$c0$e01-oct-2004$fGBP13.51$g0$hC$5Uk
=ACF  \\$aPrevious copyright fee: GBP10.50$c0$e01-jan-2011$fGBP10.50$g0$hA$5Uk
=ACF  \\$aPrevious copyright fee: GBP12.00$c0$e01-jan-2012$fGBP12.00$g0$hA$5Uk
=ACF  \\$aPrevious Copyright Fee: GBP12.30$c0$e01-jan-2014$fGBP12.30$g0$hA$5Uk
=ACF  \\$aPrevious Copyright Fee: GBP29.95$c0$e01-jul-2015$fGBP29.95$g0$hC$5Uk
=CAT  \\$aCONV$b00$c20040425$lBLL90$h0705
=CAT  \\$aBATCH-CLA$b00$c20081128$lBLL01$h1730
=CAT  \\$aBATCH-UPD$b00$c20081231$lBLL01$h2241
=CAT  \\$aBATCH-UPD$b00$c20090101$lBLL01$h0022
=CAT  \\$aBATCH$b00$c20090101$lBLL01$h0156
=CAT  \\$aBATCH-CLA$b00$c20090227$lBLL01$h1632
=CAT  \\$aBATCH-UPD$b00$c20090331$lBLL01$h2241
=CAT  \\$aBATCH-UPD$b00$c20090401$lBLL01$h0015
=CAT  \\$aBATCH$b00$c20090401$lBLL01$h0144
=CAT  \\$aBATCH-CLA$b00$c20090529$lBLL01$h1709
=CAT  \\$aBATCH-UPD$b00$c20090701$lBLL01$h1957
=CAT  \\$aBATCH-UPD$b00$c20090701$lBLL01$h2033
=CAT  \\$aBATCH$b00$c20090701$lBLL01$h2055
=CAT  \\$aBATCH$b00$c20091210$lBLL01$h0203
=CAT  \\$aBATCH-UPD$b00$c20101201$lBLL01$h1232
=CAT  \\$aIPL-CLA$c20101231$lBLL01$h1346
=CAT  \\$aWR11_203$c20111204$lBLL01$h1410
=CAT  \\$aIPL-CLA$c20111230$lBLL01$h1846
=CAT  \\$aBATCH-CLA$b00$c20121105$lBLL01$h1742
=CAT  \\$aWR13.005$c20130322$lBLL01$h2010
=CAT  \\$aBATCH-CLA$c20131218$lBLL01$h2255
=CAT  \\$aIPL-CLA$c20131231$lBLL01$h2122
=CAT  \\$aBATCH-CLA$b00$c20150529$lBLL01$h1528
=CAT  \\$aIPL-CLA$c20150630$lBLL01$h1638
=CAT  \\$aBATCH-CLA$b00$c20221130$lBLL01$h1437
=CAT  \\$aIPL-CLA$c20221231$lBLL01$h1948
=CAT  \\$aBATCH-CLA$b00$c20230209$lBLL01$h1524
=CAT  \\$aIPL-CLA$c20230210$lBLL01$h0053
=CFI  0\$aCurrent Copyright Fee: GBP29.95$c0$e09-feb-2023$fGBP29.95$g0$hC$5Uk
=CFI  2\$aBritish Library not licensed to copy$c0$e01-jan-2023$hC$iCFP Excluded$5Uk
=FIN  \\$aY
=FMT  \\$a  SE
=LAS  \\$aIPL-CLA$b00$c20230210$lBLL01$h0053
=LEO  \\$aMP25.0000099005
=LEO  \\$aMP10.0000319518
=LEO  \\$aMP22.0000023426
=SRC  \\$aSRI01$bbibmp25.200404.2.aa
=SRC  \\$aDSS01$bbibmp10.200404.2.aa
=SRC  \\$aISN01$bbibmp22.200404.2.aa
=TCO  \\$aCLA$bCLA$c008

