=LDR  07600cas a2201525 a 4500
=001  010488875
=003  Uk
=005  20230426110738.0
=007  ta
=008  040409c19749999ncubr\p\\\\\\\0\\\a0eng\\
=019  c\$a2055694
=019  c\$a2093548
=022  0\$a0093-5301
=040  \\$aUk$beng$cUk$dUk
=042  \\$aukblsr
=082  04$a658.834205$223
=210  0\$aJ. consum. res.
=222  \0$aJournal of consumer research
=245  04$aThe journal of consumer research.
=246  13$aJCR,$f<Mar. 2004->
=246  14$aConsumer research,$fJune 1974->
=260  \\$a[Gainesville, FL, etc.] :$b[Journal of Consumer Research, etc.],$c[1974]-
=264  31$32015-$aCary, NC :$bOxford University Press
=300  \\$av. :$bill. ;$c28 cm.
=310  \\$aBimonthly
=321  \\$aQuarterly
=336  \\$atext$2rdacontent
=337  \\$aunmediated$2rdamedia
=338  \\$avolume$2rdacarrier
=362  0\$aVol. 1 (June 1974)-
=530  \\$aIssued also online.
=540  \\$aCurrent Copyright Fee: GBP12.00$c29\0$5Uk
=550  \\$aVols. for June 1974-> co-sponsored by American Association for Public Opinion Research and others.
=555  \\$aVols. 1 (1974)-30 (Mar. 2004). 1 v.
=588  \\$aLatest issue consulted: volume 42, issue 1 (June 2015).
=595  \\$aSEE ALSO CARD INDEX.
=650  \0$aConsumer behavior$vPeriodicals.
=650  \0$aMotivation research (Marketing)$vPeriodicals.
=690  7\$aManagement and Business Studies$2blcoll
=710  2\$aAmerican Association for Public Opinion Research.
=776  08$iAlso issued online as:$tJournal of consumer research$x1537-5277
=852  41$aBritish Library$bDSC$j4965.215000$3Vol. 1 (1974)-v. 44, no. 6 (2018)***UKRR Retained Title Stock incomplete***P3
=856  \\$31850-9999$uhttp://www.oxfordjournals.org$xBLDSS
=945  \\$aJournal of consumer research.
=959  \\$fHeld but not currently received
=963  \\$aVOL. 19, 1992- *A=1$bN$cP448.B.6
=985  \\$aRecord merged by DQ team
=985  \\$aISSN UK note: responsibility transfer to UK from US in progress (Richard, 23/09/15)
=A02  \\$a2093548
=ACF  \\$aPrevious Copyright Fee: GBP6.45$c0$e01-apr-2012$fGBP6.45$g0$hC$5Uk
=ACF  \\$aPrevious Copyright Fee: GBP6.00$c0$e01-jan-2012$fGBP6.00$g0$hC$5Uk
=ACF  \\$aPrevious Copyright Fee: GBP6.00$c0$e01-oct-2011$fGBP6.00$g0$hC$5Uk
=ACF  \\$aPrevious Copyright Fee: GBP6.00$c0$e01-jul-2011$fGBP6.00$g0$hC$5Uk
=ACF  \\$aPrevious Copyright Fee: GBP6.00$c0$e01-jan-2011$fGBP6.00$g0$hC$5Uk
=ACF  \\$aPrevious Copyright Fee: GBP6.00$c0$e01-oct-2010$fGBP6.00$g0$hC$5Uk
=ACF  \\$aBritish Library not licensed to copy$c0$e01-jul-2010$hC$iCLA Excluded$5Uk
=ACF  \\$aBritish Library not licensed to copy$c0$e01-apr-2010$hC$iCLA Excluded$5Uk
=ACF  \\$aBritish Library not licensed to copy$c0$e01-Jan-2010$hC$iCLA Excluded$5Uk
=ACF  \\$aBritish Library not licensed to copy$c0$e01-oct-2009$hC$iCLA Excluded$5Uk
=ACF  \\$aBritish Library not licensed to copy$c0$e01-jul-2009$hC$iCLA Excluded$5Uk
=ACF  \\$aBritish Library not licensed to copy$c0$e01-apr-2009$hC$iCLA Excluded$5Uk
=ACF  \\$aBritish Library not licensed to copy$c0$e01-jan-2009$hC$iCLA Excluded$5Uk
=ACF  \\$aBritish Library not licensed to copy$c0$e01-oct-2008$hC$iCLA Excluded$5Uk
=ACF  \\$aBritish Library not licensed to copy$c0$e01-jul-2008$hC$iCLA Excluded$5Uk
=ACF  \\$aBritish Library not licensed to copy$c0$e01-apr-2008$hC$iCLA Excluded$5Uk
=ACF  \\$aBritish Library not licensed to copy$c0$e01-jan-2008$hC$iCLA Excluded$5Uk
=ACF  \\$aBritish Library not licensed to copy$c0$e01-oct-2007$hC$iCLA Excluded$5Uk
=ACF  \\$aBritish Library not licensed to copy$c0$e01-jul-2007$hC$iCLA Excluded$5Uk
=ACF  \\$aBritish Library not licensed to copy$c0$e01-apr-2007$hC$iCLA Excluded$5Uk
=ACF  \\$aBritish Library not licensed to copy$c0$e01-jan-2007$hC$iCLA Excluded$5Uk
=ACF  \\$aBritish Library not licensed to copy$c0$e01-oct-2006$hC$iCLA Excluded$5Uk
=ACF  \\$aBritish Library not licensed to copy$c0$e01-jul-2006$hC$iCLA Excluded$5Uk
=ACF  \\$aBritish Library not licensed to copy$c0$e01-apr-2006$hC$iCLA Excluded$5Uk
=ACF  \\$aBritish Library not licensed to copy$c0$e01-jan-2006$hC$iCLA Excluded$5Uk
=ACF  \\$aBritish Library not licensed to copy$c0$e01-oct-2005$hC$iCLA Excluded$5Uk
=ACF  \\$aBritish Library not licensed to copy$c0$e01-jul-2005$hC$iCLA Excluded$5Uk
=ACF  \\$aBritish Library not licensed to copy$c0$e01-apr-2005$hC$iCLA Excluded$5Uk
=ACF  \\$aBritish Library not licensed to copy$c0$e01-jan-2005$hC$iCLA Excluded$5Uk
=ACF  \\$aBritish Library not licensed to copy$c0$e01-oct-2004$hC$iCLA Excluded$5Uk
=ACF  \\$aBritish Library not licensed to copy$c0$e24-may-2002$g0$hC$iCLA-excluded$5Uk
=ACF  \\$aCurrent copyright fee: GBP2.50$c0$e01-jul-1998$fGBP2.50$g0$hC$5Uk
=ACF  \\$aCurrent copyright fee: GBP1.83$c0$e01-apr-1998$fGBP1.83$g0$hC$5Uk
=ACF  \\$aPrevious Copyright Fee: GBP6.06$c0$e01-jul-2012$fGBP6.06$g0$hC$5Uk
=ACF  \\$aPrevious Copyright Fee: GBP6.45$c0$e01-oct-2012$fGBP6.45$g0$hC$5Uk
=ACF  \\$aPrevious Copyright Fee: GBP6.25$c0$e01-jan-2013$fGBP6.25$g0$hC$5Uk
=ACF  \\$aPrevious Copyright Fee: GBP6.45$c0$e01-jul-2013$fGBP6.45$g0$hC$5Uk
=ACF  \\$aPrevious Copyright Fee: GBP6.00$c0$e01-oct-2013$fGBP6.00$g0$hC$5Uk
=ACF  \\$aPrevious Copyright Fee: GBP6.25$c0$e01-jan-2014$fGBP6.25$g0$hC$5Uk
=ACF  \\$aPrevious Copyright Fee: GBP6.06$c0$e01-jul-2014$fGBP6.06$g0$hC$5Uk
=ACF  \\$aPrevious Copyright Fee: GBP6.00$c29\0$e01-apr-2015$fGBP6.00$g0$hP$5Uk
=ACF  \\$aPrevious Copyright Fee: GBP8.00$c29\0$e01-jan-2017$fGBP8.00$g0$hP$5Uk
=ACF  \\$aPrevious Copyright Fee: GBP8.00$c29\0$e01-jan-2020$fGBP8.00$g0$hP$5Uk
=CAT  \\$aCONV$b00$c20040425$lBLL90$h0705
=CAT  \\$a5552$b40$c20150317$lBLL01$h0829
=CAT  \\$a10806$b40$c20150331$lBLL01$h0827
=CAT  \\$aIPL-CLA$c20150331$lBLL01$h1626
=CAT  \\$aBLDSS-3PM$b00$c20150522$lBLL01$h1543
=CAT  \\$a11205$b40$c20150714$lBLL01$h1653
=CAT  \\$a11205$b40$c20150714$lBLL01$h1654
=CAT  \\$a11313$b40$c20150722$lBLL01$h1331
=CAT  \\$a10806$b40$c20150923$lBLL01$h1111
=CAT  \\$aBATCH-UPD$b40$c20151119$lBLL01$h1550
=CAT  \\$a5552$b40$c20151208$lBLL01$h0849
=CAT  \\$a6558$b40$c20151216$lBLL01$h1309
=CAT  \\$aBATCH-UPD$b40$c20160524$lBLL01$h2208
=CAT  \\$aBATCH-UPD$b40$c20160525$lBLL01$h0002
=CAT  \\$a5552$b40$c20161103$lBLL01$h0915
=CAT  \\$aIPL-CLA$c20161230$lBLL01$h1943
=CAT  \\$a8124$b40$c20171003$lBLL01$h1451
=CAT  \\$aR1911-1518$c20191206$lBLL01$h1437
=CAT  \\$aIPL-CLA$c20191231$lBLL01$h1828
=CAT  \\$aBATCH-UPD$b00$c20220308$lBLL01$h1740
=CAT  \\$aIPL-CLA$c20220331$lBLL01$h1951
=CAT  \\$aS2302-1302$c20230314$lBLL01$h1712
=CAT  \\$aS2302-1302$c20230323$lBLL01$h1443
=CAT  \\$aIPL-CLA$c20230331$lBLL01$h1546
=CAT  \\$aS2304-0519$c20230412$lBLL01$h1138
=CAT  \\$aBATCH-SUPP$c20230426$lBLL01$h1107
=CFI  0\$aCurrent Copyright Fee: GBP12.00$c29\0$e01-apr-2023$fGBP12.00$g0$hP$5Uk
=CFI  2\$aPrevious copyright fee: GBP9.00$c29\0$e01-apr-2022$fGBP9.00$g0$hP$5Uk
=FFP  \\$aY$bBLDSS-3PM
=FIN  \\$aY
=FMT  \\$a  SE
=LAS  \\$aBATCH-SUPP$b00$c20230426$lBLL01$h1107
=LEO  \\$aMP10.0000165325
=LEO  \\$aMP10.0000320470
=SRC  \\$aDSS01$bbibmp10.200404.2.aa
=TCO  \\$aTRS$bCCC$c008
=TOC  \\$aETOC
=UNO  \\$aY

