=LDR  08234cas a2201573 a 4500
=001  010489918
=003  Uk
=005  20211231153912.0
=007  ta
=008  930113c19929999enkqr\p\\\\\\\0\\\a0eng\c
=010  \\$a   94660607 $zsn 93038165 
=015  \\$aGBB195937$2bnb
=016  7\$a9305245$2DNLM
=016  7\$aSR0075880$2DNLM
=019  c\$a2475828
=022  0\$a1074-4797
=035  \\$a(OCoLC)27248047
=040  \\$aUk$beng$cUk
=042  \\$apcc$ansdp$aukblsr
=043  \\$an-us---
=050  00$aRA971.38$b.J68
=060  00$aW1$bJO67BGS
=082  00$a362.1$223
=210  0\$aJ. healthc. risk manag.
=222  \0$aJournal of healthcare risk management
=245  00$aJournal of healthcare risk management :$bthe journal of the American Society for Healthcare Risk Management.
=260  \\$aChicago, Ill. :$bAmerican Society for Healthcare Risk Management,$c[1992]-
=300  \\$av. :$bill. ;$c28 cm.
=310  \\$aQuarterly
=336  \\$atext$2rdacontent
=337  \\$aunmediated$2rdamedia
=338  \\$avolume$2rdacarrier
=362  1\$aBegan in 1992.
=515  \\$aTwo issues published in 2009.
=540  \\$aCurrent copyright fee: GBP39.00$c35\0$5Uk
=588  \\$aDescription based on: vol. 18, no. 4 (fall 1998).
=588  \\$aLatest issue consulted: vol. 31 , no 3 (2012/Q1).
=598  \\$a82C No longer required See also card index.
=650  \0$aHealth facilities$xRisk management$zUnited States$vPeriodicals.
=650  \2$aRisk Management$vPeriodicals.
=690  7\$aSocial Welfare$2blcoll
=710  2\$aAmerican Society for Healthcare Risk Management.
=776  0\$tJournal of healthcare risk management (Online)$x2040-0861
=780  00$tPerspectives in healthcare risk management$x0899-1073
=852  41$aBritish Library$bHMNTS$jZK.9.a.12776$3Vol. 30, no. 1 (2011)-v. 32, no. 4 (2013)***title now taken as electronic copy only
=852  41$aBritish Library$bDSC$j4996.872500$3VOL. 12(4), 1992- 18(4), 1998 *A=1
=856  \\$31850-9999$uhttp://onlinelibrary.wiley.com/$xBLDSS
=945  \\$aJOURNAL OF HEALTHCARE RISK MANAGEMENT.
=959  \\$fHeld but not currently received
=985  \\$aISSN note: some doubt over transferring resp. for ISSN from US to UK as latest issue consulted has two publication statements - the first is for the American Society for Healthcare Risk Management, the second is for Wiley. ISSN responsibility has been kept with US. 23/04/12.
=A02  \\$a2475828
=ACF  \\$aBritish Library not licensed to copy$c0$e01-apr-2012$hC$iCLA Excluded$5Uk
=ACF  \\$aBritish Library not licensed to copy$c0$e01-jan-2012$hC$iCLA Excluded$5Uk
=ACF  \\$aBritish Library not licensed to copy$c0$e01-oct-2011$hC$iCLA Excluded$5Uk
=ACF  \\$aBritish Library not licensed to copy$c0$e01-jul-2011$hC$iCLA Excluded$5Uk
=ACF  \\$aBritish Library not licensed to copy$c0$e01-apr-2011$hC$iCLA Excluded$5Uk
=ACF  \\$aBritish Library not licensed to copy$c0$e01-jan-2011$hC$iCLA Excluded$5Uk
=ACF  \\$aBritish Library not licensed to copy$c0$e01-oct-2010$hC$iCLA Excluded$5Uk
=ACF  \\$aBritish Library not licensed to copy$c0$e01-jul-2010$hC$iCLA Excluded$5Uk
=ACF  \\$aBritish Library not licensed to copy$c0$e01-apr-2010$hC$iCLA Excluded$5Uk
=ACF  \\$aBritish Library not licensed to copy$c0$e01-Jan-2010$hC$iCLA Excluded$5Uk
=ACF  \\$aBritish Library not licensed to copy$c0$e01-oct-2009$hC$iCLA Excluded$5Uk
=ACF  \\$aBritish Library not licensed to copy$c0$e01-jul-2009$hC$iCLA Excluded$5Uk
=ACF  \\$aBritish Library not licensed to copy$c0$e01-apr-2009$hC$iCLA Excluded$5Uk
=ACF  \\$aBritish Library not licensed to copy$c0$e01-jan-2009$hC$iCLA Excluded$5Uk
=ACF  \\$aBritish Library not licensed to copy$c0$e01-oct-2008$hC$iCLA Excluded$5Uk
=ACF  \\$aBritish Library not licensed to copy$c0$e01-jul-2008$hC$iCLA Excluded$5Uk
=ACF  \\$aBritish Library not licensed to copy$c0$e01-apr-2008$hC$iCLA Excluded$5Uk
=ACF  \\$aBritish Library not licensed to copy$c0$e01-jan-2008$hC$iCLA Excluded$5Uk
=ACF  \\$aBritish Library not licensed to copy$c0$e01-oct-2007$hC$iCLA Excluded$5Uk
=ACF  \\$aBritish Library not licensed to copy$c0$e01-jul-2007$hC$iCLA Excluded$5Uk
=ACF  \\$aBritish Library not licensed to copy$c0$e01-apr-2007$hC$iCLA Excluded$5Uk
=ACF  \\$aBritish Library not licensed to copy$c0$e01-jan-2007$hC$iCLA Excluded$5Uk
=ACF  \\$aBritish Library not licensed to copy$c0$e01-oct-2006$hC$iCLA Excluded$5Uk
=ACF  \\$aBritish Library not licensed to copy$c0$e01-jul-2006$hC$iCLA Excluded$5Uk
=ACF  \\$aBritish Library not licensed to copy$c0$e01-apr-2006$hC$iCLA Excluded$5Uk
=ACF  \\$aBritish Library not licensed to copy$c0$e01-jan-2006$hC$iCLA Excluded$5Uk
=ACF  \\$aBritish Library not licensed to copy$c0$e01-oct-2005$hC$iCLA Excluded$5Uk
=ACF  \\$aBritish Library not licensed to copy$c0$e01-jul-2005$hC$iCLA Excluded$5Uk
=ACF  \\$aBritish Library not licensed to copy$c0$e01-apr-2005$hC$iCLA Excluded$5Uk
=ACF  \\$aBritish Library not licensed to copy$c0$e01-jan-2005$hC$iCLA Excluded$5Uk
=ACF  \\$aBritish Library not licensed to copy$c0$e01-oct-2004$hC$iCLA Excluded$5Uk
=ACF  \\$aBritish Library not licensed to copy$c0$e01-jul-2003$g0$hC$iCLA-excluded$5Uk
=ACF  \\$aCurrent copyright fee: GBP5.00$c0$e01-jul-2002$fGBP5.00$g0$hA$5Uk
=ACF  \\$aCurrent copyright fee: GBP2.50$c0$e01-jul-1998$fGBP2.50$g0$hC$5Uk
=ACF  \\$aBritish Library not licensed to copy$c0$e01-jul-2012$hC$iCLA Excluded$5Uk
=ACF  \\$aBritish Library not licensed to copy$c0$e01-oct-2012$hC$iCFP Excluded$5Uk
=ACF  \\$aBritish Library not licensed to copy$c0$e01-jan-2013$hC$iCFP Excluded$5Uk
=ACF  \\$aBritish Library not licensed to copy$c0$e01-jul-2013$hC$iCFP Excluded$5Uk
=ACF  \\$aBritish Library not licensed to copy$c0$e01-jan-2014$hC$iCFP Excluded$5Uk
=ACF  \\$aBritish Library not licensed to copy$c0$e01-oct-2013$hC$iCFP Excluded$5Uk
=ACF  \\$aPrevious copyright fee: GBP22.00$c35\0$e02-jan-2014$fGBP22.00$g0$hP$5Uk
=ACF  \\$aPrevious copyright fee: GBP24.00$c35\0$e01-mar-2015$fGBP24.00$g0$hP$5Uk
=ACF  \\$aPrevious copyright fee: GBP28.00$c35\0$e01-jan-2019$fGBP28.00$g0$hP$5Uk
=CAT  \\$aCONV$b00$c20040425$lBLL90$h0705
=CAT  \\$aWR12_128$c20121113$lBLL01$h1828
=CAT  \\$aBATCH-CLA$b00$c20121130$lBLL01$h1244
=CAT  \\$aIPL-CLA$c20121231$lBLL01$h1258
=CAT  \\$aIPL-CLA$c20130102$lBLL01$h1708
=CAT  \\$aWR13.005$c20130322$lBLL01$h2011
=CAT  \\$aBATCH-CLA$b00$c20130531$lBLL01$h1637
=CAT  \\$aIPL-CLA$c20130701$lBLL01$h0025
=CAT  \\$aBATCH-CLA$b00$c20130830$lBLL01$h1622
=CAT  \\$aIPL-CLA$c20130930$lBLL01$h1731
=CAT  \\$aBATCH-CLA$b00$c20131129$lBLL01$h1643
=CAT  \\$aIPL-CLA$c20131231$lBLL01$h2123
=CAT  \\$a5552$b40$c20140102$lBLL01$h0927
=CAT  \\$aBLDSS-3PM$b00$c20141214$lBLL01$h1520
=CAT  \\$aBATCH-UPD$b00$c20150215$lBLL01$h1653
=CAT  \\$aIPL-CLA$c20150228$lBLL01$h2044
=CAT  \\$aBATCH-UPD$b00$c20160413$lBLL01$h1810
=CAT  \\$aBATCH-UPD$b00$c20160604$lBLL01$h2242
=CAT  \\$aBATCH-UPD$b00$c20180219$lBLL01$h1742
=CAT  \\$aBATCH-UPD$b00$c20181121$lBLL01$h1619
=CAT  \\$aIPL-CLA$c20181231$lBLL01$h1537
=CAT  \\$aR1911-0245$c20191127$lBLL01$h0822
=CAT  \\$aR1911-0245$c20191127$lBLL01$h1044
=CAT  \\$aIPL-CLA$c20191231$lBLL01$h1828
=CAT  \\$aW2111-0842$c20211208$lBLL01$h1941
=CAT  \\$aIPL-CLA$c20211231$lBLL01$h1539
=CFI  0\$aCurrent copyright fee: GBP39.00$c35\0$e01-jan-2022$fGBP39.00$g0$hP$5Uk
=CFI  2\$aPrevious Copyright Fee: GBP32.00$c35\0$e01-jan-2020$fGBP32.00$g0$hP$5Uk
=FFP  \\$aY$bBLDSS-3PM
=FIN  \\$aY
=FMT  \\$a  SE
=LAS  \\$aIPL-CLA$b00$c20211231$lBLL01$h1539
=LEO  \\$aMP10.0000322138
=LET  \0$aJournal of healthcare risk management (Print)
=LKR  \\$aPAR$b005506251$lBLL01$r78000$mJournal of healthcare risk management$nPERSPECTIVES IN HEALTHCARE RISK MANAGEMENT.
=SRC  \\$aDSS01$bbibmp10.200404.2.aa
=SRC  \\$aBLL02
=TCO  \\$aCLA$bCLA$c008
=TOC  \\$aETOC
=UNO  \\$aY

