=LDR  04783cas a2201153 a 4500
=001  010491153
=003  Uk
=005  20230511162722.0
=006  aa\\\|||||||||||||
=007  ta
=008  800124d19801987enkqr\p\\\\\\\0\\\a0eng\\
=015  \\$aGB8027879$2bnb
=019  c\$a2094581
=019  y\$aB8027879
=019  9\$ab8027879
=019  1\$ab8027879
=022  0\$a0142-2774
=040  \\$aUk$cUk$dUk
=082  04$a301.55$218
=210  0\$aJ. occup. behav.
=222  \0$aJournal of occupational behaviour
=245  00$aJournal of occupational behaviour.
=246  13$aOccupational behaviour
=260  \\$aChichester :$bWiley,$c1980-1987.
=300  \\$a8 v. ;$bill. ;$c24 cm.
=310  \\$aQuarterly
=336  \\$atext$2rdacontent
=337  \\$aunmediated$2rdamedia
=338  \\$avolume$2rdacarrier
=362  0\$aVol. 1, no.1 (Jan. 1980)- v.8, no.4 (Oct. 1987)
=500  \\$aQuarterly.- 85, [4]p. in 1st issue.
=504  \\$aIncludes bibliographies.
=540  \\$aCurrent copyright fee: GBP39.00$c35\0$5Uk
=595  \\$aCONTD AS 5027.066 VOL. 9, 1988- SEE ALSO SERIAL RECORDS HEN.
=650  \0$aIndustrial sociology$vPeriodicals.
=650  \0$aWork environment$vPeriodicals.
=653  \\$aWorking conditions$aSerials
=785  00$tJournal of organizational behavior$x0894-3796
=852  41$aBritish Library$bHMNTS$jP.521/3370$3Vol. 1, no.1-; Jan. 1980-
=852  41$aBritish Library$bDSC$j5026.085000$3Vol. 1, No. 1 (1980)-v. 8, no. 4 (1987)***UKRR Retained Title
=856  \\$31850-9999$uhttp://onlinelibrary.wiley.com/$xBLDSS
=945  \\$aJOURNAL OF OCCUPATIONAL BEHAVIOUR.
=957  \\$a800212c
=959  \\$fHeld but not currently received
=963  \\$aVOL. 1, 1980- 8, 1987 *A=1$bN$cP196.C.288
=985  \\$aRecord merged by DQ team
=985  \\$aISSN Portal rejected this record following the bibliographic merger. Despite the fact that an ISSN record on Aleph was part of the merger, the responsibility (as the publisher is Wiley) lies with the US Centre. The record on the ISSN Portal accurately reflects this responsibility, so the 022{dollar}202 and the 042{dollar}issnuk has been removed from this record. 13/6/07
=A02  \\$a2094581
=ACF  \\$aPrevious copyright fee: GBP28.00$c35\0$e01-jan-2019$fGBP28.00$g0$hP$5Uk
=ACF  \\$aPrevious copyright fee: GBP20.00$c0$e01-jul-2002$fGBP20.00$g0$hC$5Uk
=ACF  \\$aCurrent copyright fee: GBP4.40$c0$e01-jul-1998$fGBP4.40$g0$hA$5Uk
=ACF  \\$aCurrent copyright fee: GBP4.20$c0$e01-apr-1997$fGBP4.20$g0$hA$5Uk
=ACF  \\$aPrevious copyright fee: GBP17.00$c35\0$e12-apr-2005$fGBP17.00$g0$hP$5Uk
=ACF  \\$aPrevious copyright fee: GBP22.00$c35\0$e01-jan-2011$fGBP22.00$g0$hP$5Uk
=ACF  \\$aPrevious copyright fee: GBP24.00$c35\0$e01-mar-2015$fGBP24.00$g0$hP$5Uk
=CAT  \\$aCONV$b00$c20040425$lBLL90$h0705
=CAT  \\$aBATCH-UPD$b40$c20060901$lBLL01$h0945
=CAT  \\$aBATCH-UPD$b40$c20060901$lBLL01$h1024
=CAT  \\$a8201$b40$c20070529$lBLL01$h0915
=CAT  \\$aISSN$b40$c20070613$lBLL01$h1430
=CAT  \\$aISSN$b40$c20070613$lBLL01$h1431
=CAT  \\$a8456$b40$c20090318$lBLL01$h1532
=CAT  \\$aBATCH$b00$c20091210$lBLL01$h0204
=CAT  \\$aBATCH$b00$c20091214$lBLL01$h0550
=CAT  \\$aBATCH$b00$c20091216$lBLL01$h0144
=CAT  \\$aBATCH-UPD$b00$c20101116$lBLL01$h1334
=CAT  \\$aIPL-CLA$c20101231$lBLL01$h1347
=CAT  \\$aBATCH-CLA$b00$c20121105$lBLL01$h1741
=CAT  \\$aWR13.005$c20130322$lBLL01$h2011
=CAT  \\$aWR14_140$c20140905$lBLL01$h1742
=CAT  \\$aBLDSS-3PM$b00$c20141214$lBLL01$h1520
=CAT  \\$aBATCH-UPD$b00$c20150215$lBLL01$h1653
=CAT  \\$aIPL-CLA$c20150228$lBLL01$h2044
=CAT  \\$aBATCH-UPD$b00$c20160413$lBLL01$h1810
=CAT  \\$aBATCH-UPD$b00$c20170725$lBLL01$h2007
=CAT  \\$aBATCH-UPD$b00$c20180219$lBLL01$h1742
=CAT  \\$aBATCH-UPD$b00$c20181121$lBLL01$h1619
=CAT  \\$aIPL-CLA$c20181231$lBLL01$h1537
=CAT  \\$aBATCH-UPD$b00$c20200219$lBLL01$h1540
=CAT  \\$aIPL-CLA$c20200331$lBLL01$h1608
=CAT  \\$a12654$b40$c20230104$lBLL01$h0749
=CAT  \\$aBATCH-FIX$c20230511$lBLL01$h1627
=CFI  0\$aCurrent copyright fee: GBP39.00$c35\0$e04-jan-2023$fGBP39.00$g0$hP$5Uk
=CFI  2\$aPrevious copyright fee: GBP32.00$c35\0$e01-apr-2020$fGBP32.00$g0$hP$5Uk
=FFP  \\$aY$bBLDSS-3PM
=FIN  \\$aY
=FMT  \\$a  SE
=LAS  \\$aBATCH-FIX$b00$c20230511$lBLL01$h1627
=LEO  \\$aMP5.0000508285
=LEO  \\$aMP13.0000256702
=LEO  \\$aMP22.0000005409
=LEO  \\$aMP10.0000324120
=SRC  \\$aBNB03$bbibmp5.200404.2.aa
=SRC  \\$aHSS01$bbibmp13.200404.2.aa
=SRC  \\$aISN01$bbibmp22.200404.2.aa
=SRC  \\$aDSS01$bbibmp10.200404.2.aa
=TCO  \\$aCLA$bCLA$c008
=TOC  \\$aETOC
=UNO  \\$aY

