=LDR  04488cas a22010217a 4500
=001  010491174
=003  Uk
=005  20230925112836.0
=007  ta
=008  870127c19859999sw\qr\p\\\\\\o0\\\a0eng\\
=019  c\$a2307022
=019  1\$ar6612261
=022  \\$a0282-423X
=040  \\$aUk$cUk$dUk
=082  04$a310$222
=222  \0$aJournal of official statistics
=245  00$aJournal of official statistics :$ban international review /$cStatistics Sweden.
=260  \\$aStockholm :$bStatistics Sweden,$c1985-
=310  \\$aQuarterly
=336  \\$atext$2rdacontent
=337  \\$aunmediated$2rdamedia
=338  \\$avolume$2rdacarrier
=362  0\$aVol.1, no.1 (1985)-
=540  \\$aBritish Library not licensed to copy$c0$5Uk
=595  \\$aFORMERLY 8457.4 UP TO 1984.
=653  \\$aStatistical mathematics$aSerials
=710  1\$aSweden.$bStatistiska centralbyrån.
=776  08$iAlso issued online as:$tJournal of official statistics$x2001-7367
=780  00$tStatistisk tidskrift$x0039-7261
=852  41$aBritish Library$bHMNTS$jS.B.963/69$3Vol. 1, no. 2 (1985)-v. 15, no. 1 (1999); (1991 NO.2 MISSING)
=852  41$aBritish Library$bDSC$j5026.235000$3Vol. 1, No. 1 (1985)-v. 35, no. 4 (2019)***UKRR Retained Title
=945  \\$aJOURNAL OF OFFICIAL STATISTICS -STOCKHOLM-.
=957  \\$a8509e
=959  \\$fHeld but not currently received
=985  \\$aCorrected by MS generated file for WR# 12.018
=985  \\$aRecord merged by DQ team
=985  \\$aCONFERENCE ANALYTIC RECORDS EXIST
=985  \\$aISSN UK note: Sage due to re-start print version 2023/2024. Will need responsibility transfer from ISSN Sweden (see email to Sage, 25/09/23) (Richard)
=ACF  \\$aBritish Library not licensed to copy$c0$e01-apr-2012$hC$iCLA Excluded$5Uk
=ACF  \\$aBritish Library not licensed to copy$c0$e01-jan-2012$hC$iCLA Excluded$5Uk
=ACF  \\$aBritish Library not licensed to copy$c0$e01-oct-2011$hC$iCLA Excluded$5Uk
=ACF  \\$aPrevious copyright fee: GBP10.50$c0$e01-jan-2011$fGBP10.50$g0$hA$5Uk
=ACF  \\$aPrevious copyright fee: GBP5.00$c0$e01-jul-1998$fGBP5.00$g0$hC$5Uk
=ACF  \\$aCurrent copyright fee: GBP4.60$c0$e01-apr-1997$fGBP4.60$g0$hC$5Uk
=ACF  \\$aBritish Library not licensed to copy$c0$e01-jul-2012$hC$iCLA Excluded$5Uk
=ACF  \\$aBritish Library not licensed to copy$c0$e01-oct-2012$hC$iCFP Excluded$5Uk
=ACF  \\$aBritish Library not licensed to copy$c0$e01-jan-2013$hC$iCFP Excluded$5Uk
=CAT  \\$aCONV$b00$c20040425$lBLL90$h0705
=CAT  \\$aIPL-CLA$c20110930$lBLL01$h1528
=CAT  \\$aBATCH-CLA$b00$c20111130$lBLL01$h1157
=CAT  \\$aIPL-CLA$c20111230$lBLL01$h1847
=CAT  \\$aBATCH-CLA$b00$c20120229$lBLL01$h1602
=CAT  \\$aIPL-CLA$c20120330$lBLL01$h1415
=CAT  \\$aBATCH-UPD$b00$c20120503$lBLL01$h2031
=CAT  \\$aBATCH-CLA$b00$c20120531$lBLL01$h1716
=CAT  \\$aBATCH-UPD$b00$c20120614$lBLL01$h2121
=CAT  \\$aIPL-CLA$c20120629$lBLL01$h1013
=CAT  \\$aBLSS-CORR$b00$c20120724$lBLL01$h1757
=CAT  \\$aBATCH-CLA$b00$c20120831$lBLL01$h1545
=CAT  \\$aIPL-CLA$c20120930$lBLL01$h2041
=CAT  \\$aBATCH-CLA$b00$c20121105$lBLL01$h1741
=CAT  \\$aWR12_128$c20121113$lBLL01$h1828
=CAT  \\$aBATCH-CLA$b00$c20121130$lBLL01$h1238
=CAT  \\$aIPL-CLA$c20121231$lBLL01$h1258
=CAT  \\$aIPL-CLA$c20130102$lBLL01$h1708
=CAT  \\$aBATCH-CLA$b00$c20130228$lBLL01$h1712
=CAT  \\$aWR13.005$c20130322$lBLL01$h2011
=CAT  \\$aIPL-CLA$c20130331$lBLL01$h1049
=CAT  \\$a540_fix$c20130403$lBLL01$h2009
=CAT  \\$aBATCH-CLA$b00$c20130531$lBLL01$h1646
=CAT  \\$aIPL-CLA$c20130701$lBLL01$h0025
=CAT  \\$a10934$b40$c20131218$lBLL01$h1147
=CAT  \\$a8335$b40$c20210513$lBLL01$h0826
=CAT  \\$a10806$b40$c20230925$lBLL01$h1126
=CAT  \\$a10806$b40$c20230925$lBLL01$h1126
=CAT  \\$a10806$b40$c20230925$lBLL01$h1128
=CFI  0\$aBritish Library not licensed to copy$c0$e01-jul-2013$hC$iCFP Excluded$5Uk
=CFI  2\$aBritish Library not licensed to copy$c0$e01-apr-2013$hC$iCFP Excluded$5Uk
=FIN  \\$aY
=FMT  \\$a  SE
=LAS  \\$a10806$b40$c20230925$lBLL01$h1128
=LEO  \\$aMP13.0001111728
=LEO  \\$aMP10.0000324151
=LKR  \\$aPAR$b010500833$lBLL01$r78000$mJournal of official statistics : an international review /$nSTATISTISK TIDSKRIFT.
=SRC  \\$aHSS01$bbibmp13.200404.2.ab
=SRC  \\$aDSS01$bbibmp10.200404.2.aa
=TCO  \\$aXXX$c008
=TOC  \\$aETOC

