=LDR  04939cas a2201237 a 4500
=001  010491845
=003  Uk
=005  20221231144017.0
=006  aab\\|||||||||||||
=007  ta
=008  870127c19869999enkbr\p\\\\\\\0\\\a0eng\\
=015  \\$aGB8817392$2bnb
=019  c\$a2316460
=019  y\$ab8817392
=019  9\$ab8817392
=019  0\$as550825002
=019  c\$a2304314
=022  0\$a0267-8179
=039  0\$a1978
=040  \\$aUk$cUk$dUk
=082  04$a551.79$221
=084  \\$aOA 34$2blsrissc
=210  0\$aJQS. J. quat. sci.$b(Print)
=222  \0$aJQS. Journal of quaternary science$b(Print)
=245  00$aJQS :$bJournal of quaternary science.
=246  30$aJournal of quaternary science
=260  \\$aHarlow, Essex :$bLongman Scientific & Technical, for the Quaternary Research Association,$c1986-
=300  \\$av. :$bill. ;$c30 cm.
=310  \\$aBimonthly, plus two additional issues,$b2000-
=321  \\$aSemiannual,$b1986-
=321  \\$aQuarterly,$b<Mar. 1991->
=321  \\$aBimonthly,$b<1996>-1998
=321  \\$aSeven no. a year,$b1999
=336  \\$atext$2rdacontent
=337  \\$aunmediated$2rdamedia
=338  \\$avolume$2rdacarrier
=362  0\$aVol. 1, no. 1 (1986)-
=362  0\$aVol. 1, no. 1-
=540  \\$aCurrent Copyright Fee: GBP46.00$c35\0$5Uk
=650  \0$aGeology, Stratigraphic$yQuaternary$vPeriodicals.
=650  \0$aPaleontology$yQuaternary$vPeriodicals.
=653  \\$aQuaternary era
=710  2\$aQuaternary Research Association (Great Britain)
=776  0\$tJournal of quaternary science (Online)$x1099-1417
=852  41$aBritish Library$bDSC$j5043.752000$3Vol. 1, no. 1 (1986)-v. 27, no. 1 (2012)***UKRR Retained Title
=852  71$aBritish Library$bSTI$k(P)$hOA 34$m-E(11)$2blsrissc$3Vol. 1 (1986)-v. 28, no. 3 (2013)***title now taken as electronic copy only
=856  \\$31850-9999$uhttp://onlinelibrary.wiley.com/$xBLDSS
=945  \\$aJOURNAL OF QUATERNARY SCIENCE
=959  \\$fHeld but not currently received
=963  \\$aCA/U-2 VOL. 1, 1986-$bY
=985  \\$aRecord merged by DQ team
=985  \\$aISSN responsibility held by US ISSN Centre.
=A02  \\$a2304314
=ACF  \\$aPrevious Copyright Fee: GBP20.00$c0$e01-jan-2005$fGBP20.00$g0$hC$5Uk
=ACF  \\$aPrevious Copyright Fee: GBP20.00$c0$e01-oct-2004$fGBP20.00$g0$hC$5Uk
=ACF  \\$aPrevious copyright fee: GBP20.00$c0$e01-oct-2001$fGBP20.00$g0$hC$5Uk
=ACF  \\$aCurrent copyright fee: GBP12.00$c0$e01-apr-1997$fGBP12.00$g0$hC$5Uk
=ACF  \\$aPrevious Copyright Fee: GBP17.00$c35\0$e01-apr-2005$fGBP17.00$g0$hP$5Uk
=ACF  \\$aPrevious copyright fee: GBP22.00$c35\0$e01-jan-2011$fGBP22.00$g0$hP$5Uk
=ACF  \\$aPrevious copyright fee: GBP24.00$c35\0$e01-mar-2015$fGBP24.00$g0$hP$5Uk
=ACF  \\$aPrevious copyright fee: GBP28.00$c35\0$e01-jan-2019$fGBP28.00$g0$hP$5Uk
=CAT  \\$aCONV$b00$c20040425$lBLL90$h0705
=CAT  \\$a12179$b40$c20080514$lBLL01$h0933
=CAT  \\$a8201$b40$c20080710$lBLL01$h1746
=CAT  \\$aISSN$b40$c20080821$lBLL01$h1129
=CAT  \\$aBATCH$b00$c20091210$lBLL01$h0205
=CAT  \\$aBATCH$b00$c20091214$lBLL01$h0550
=CAT  \\$aBATCH$b00$c20091216$lBLL01$h0145
=CAT  \\$aBATCH-UPD$b00$c20101116$lBLL01$h1334
=CAT  \\$aIPL-CLA$c20101231$lBLL01$h1348
=CAT  \\$aBATCH-CLA$b00$c20121105$lBLL01$h1741
=CAT  \\$aWR12_168$c20121206$lBLL01$h1812
=CAT  \\$aBATCH-CLA$b00$c20140125$lBLL01$h1317
=CAT  \\$aBATCH-CLA$c20140225$lBLL01$h2317
=CAT  \\$aWR14_140$c20140905$lBLL01$h1742
=CAT  \\$aBLDSS-3PM$b00$c20141214$lBLL01$h1520
=CAT  \\$aBATCH-UPD$b00$c20150215$lBLL01$h1653
=CAT  \\$aIPL-CLA$c20150228$lBLL01$h2044
=CAT  \\$aBATCH-UPD$b00$c20170725$lBLL01$h2008
=CAT  \\$aBATCH-UPD$b00$c20180219$lBLL01$h1742
=CAT  \\$aBATCH-UPD$b00$c20181121$lBLL01$h1619
=CAT  \\$aIPL-CLA$c20181231$lBLL01$h1537
=CAT  \\$aR1911-0245$c20191127$lBLL01$h0944
=CAT  \\$aR1911-0245$c20191127$lBLL01$h1044
=CAT  \\$aIPL-CLA$c20191231$lBLL01$h1829
=CAT  \\$a8055$b40$c20221230$lBLL01$h1106
=CAT  \\$aIPL-CLA$c20221231$lBLL01$h1440
=CFI  0\$aCurrent Copyright Fee: GBP46.00$c35\0$e01-jan-2023$fGBP46.00$g0$hP$5Uk
=CFI  2\$aPrevious Copyright Fee: GBP39.00$c35\0$e01-jan-2020$fGBP39.00$g0$hP$5Uk
=FFP  \\$aY$bBLDSS-3PM
=FIN  \\$aY
=FMT  \\$a  SE
=LAS  \\$aIPL-CLA$b00$c20221231$lBLL01$h1440
=LEO  \\$aMP10.0000326996
=LEO  \\$aMP5.0000768250
=LEO  \\$aMP22.0000015485
=LEO  \\$aMP25.0000241864
=LEO  \\$aMP10.0000325170
=LKR  \\$aPAR$b013345895$lBLL01$r776$mJOURNAL OF QUATERNARY SCIENCE.$nJournal of quaternary science (Online)
=SRC  \\$aBNB03$bbibmp5.200404.2.ab
=SRC  \\$aISN01$bbibmp22.200404.2.aa
=SRC  \\$aSRI01$bbibmp25.200404.2.aa
=SRC  \\$aDSS01$bbibmp10.200404.2.aa
=TCO  \\$aCLA$bCLA$c008
=TOC  \\$aETOC
=UNO  \\$aY

