=LDR  05128cas a2201117 a 4500
=001  010492208
=003  Uk
=005  20230930080436.0
=007  ta
=008  040409c19929999enkfr\p\\\\\\\0\\\a0eng\\
=019  c\$a2449702
=022  0\$a1053-0789$y1053-0795
=040  \\$aUk$beng$cUk$dUk
=042  \\$aukblsr
=082  04$a362.505$222
=210  0\$aJ. soc. distress homeless
=222  \0$aJournal of social distress and the homeless
=245  00$aJournal of social distress and the homeless.
=246  30$aSocial distress and the homeless
=260  \\$aNew York :$bHuman Sciences Press,$c1992-
=260  2\$aNew York :$bPsycke-Logo Press
=264  31$32013-$aLondon :$bManey Pubishing
=300  \\$av. :$bill. ;$c24 cm.
=310  \\$aTwo issues a year,$b2011-
=321  \\$aOne to four issues a year,$b-2010
=336  \\$atext$2rdacontent
=337  \\$aunmediated$2rdamedia
=338  \\$avolume$2rdacarrier
=362  0\$aVol. 1, no. 1 (Jan. 1992)-
=540  \\$aCurrent copyright fee: GBP46.00$c2\0$5Uk
=588  \\$aLatest issue consulted: Vol. 22, number 1 (May 2013).
=650  \0$aSocial problems$xPsychological aspects$vPeriodicals.
=650  \0$aStress (Psychology)$xSocial aspects$vPeriodicals.
=650  \0$aHomelessness$vPeriodicals.
=690  7\$aSocial Welfare$2blcoll
=776  0\$iAlso issued online as:$tJournal of social distress and the homeless$x1573-658x
=852  41$aBritish Library$bHMNTS$jZK.9.a.13832$3Vol. 22, no. 1 (May 2013)-v. 22, no. 2 (2013)***title now taken as electronic copy only
=852  41$aBritish Library$bDSC$j5064.753000$3Vol. 1 (1992)-v. 23 (2014)
=856  \\$31850-9999$uhttp://maneypublishing.com/$xBLDSS
=945  \\$aJOURNAL OF SOCIAL DISTRESS AND THE HOMELESS.
=959  \\$fHeld but not currently received
=985  \\$aCorrected by MS generated file for WR# 12.018
=985  \\$aISSN note: Responsibility for ISSN transferred from US ISSN Center to ISSN UK Centre, 27.07.13.
=985  \\$aISSN Note: Responsibility for ISSN transferred from UK ISSN Centre to US ISSN Center, 27.11.2020 (now T&F).
=A02  \\$a2449702
=ACF  \\$aPrevious copyright fee: GBP16.67$c4\2$e01-jan-2006$fGBP16.67$g0$hP$5Uk
=ACF  \\$aPrevious copyright fee: GBP16.22$c4\2$e01-apr-2005$fGBP16.22$g0$hP$5Uk
=ACF  \\$aPrevious copyright fee: GBP16.67$c4\2$e01-jan-2005$fGBP16.67$g0$hP$5Uk
=ACF  \\$aPrevious copyright fee: GBP13.51$c4\2$e01-apr-2004$fGBP13.51$g0$hP$5Uk
=ACF  \\$aCurrent copyright fee: GBP14.71$c4\2$e01-jan-2004$fGBP14.71$g0$hP$5Uk
=ACF  \\$aCurrent copyright fee: GBP15.63$c4\2$e01-jan-2003$fGBP15.63$g0$hP$5Uk
=ACF  \\$aPrevious copyright fee: GBP17.14$c4\2$e01-apr-2006$fGBP17.14$g0$hP$5Uk
=ACF  \\$aPrevious copyright fee: GBP25.00$c4\2$e01-jan-2013$fGBP25.00$g0$hP$5Uk
=ACF  \\$aPrevious copyright fee: GBP22.00$c4\2$e12-aug-2012$fGBP22.00$g0$hP$5Uk
=ACF  \\$aPrevious copyright fee: GBP30.00$c47\0$e08-jan-2013$fGBP30.00$g0$hP$5Uk
=ACF  \\$aPrevious copyright fee: GBP36.00$c47\0$e01-jan-2017$fGBP36.00$g0$hP$5Uk
=ACF  \\$aPrevious copyright fee: GBP34.00$c47\0$e01-jan-2016$fGBP34.00$g0$hP$5Uk
=ACF  \\$aPrevious copyright fee: GBP40.00$c47\0$e15-jan-2019$fGBP40.00$g0$hP$5Uk
=ACF  \\$aPrevious copyright fee: GBP42.00$c47\0$e01-jan-2020$fGBP42.00$g0$hP$5Uk
=ACF  \\$aPrevious copyright fee: GBP44.00$c47\0$e01-jan-2021$fGBP44.00$g0$hP$5Uk
=CAT  \\$aCONV$b00$c20040425$lBLL90$h0705
=CAT  \\$aIPL-CLA$c20121231$lBLL01$h1258
=CAT  \\$aIPL-CLA$c20130102$lBLL01$h1709
=CAT  \\$a5552$b40$c20130108$lBLL01$h1543
=CAT  \\$aWR13.005$c20130322$lBLL01$h2012
=CAT  \\$a11315$b40$c20130424$lBLL01$h0921
=CAT  \\$a11315$b40$c20130710$lBLL01$h1438
=CAT  \\$a11315$b40$c20130725$lBLL01$h1401
=CAT  \\$aCDS15-UPD$b40$c20141130$lBLL01$h1852
=CAT  \\$aBLDSS-3PM$b00$c20141208$lBLL01$h1623
=CAT  \\$aBATCH-UPD$b00$c20151119$lBLL01$h1601
=CAT  \\$aIPL-CLA$c20151231$lBLL01$h1913
=CAT  \\$aBATCH-UPD$b00$c20160627$lBLL01$h1118
=CAT  \\$aBATCH-UPD$b00$c20161122$lBLL01$h1544
=CAT  \\$aIPL-CLA$c20161230$lBLL01$h1944
=CAT  \\$a5552$b40$c20190115$lBLL01$h1159
=CAT  \\$aBATCH-UPD$b40$c20191122$lBLL01$h1919
=CAT  \\$aIPL-CLA$c20191231$lBLL01$h1829
=CAT  \\$aBATCH-UPD$b00$c20201118$lBLL01$h1352
=CAT  \\$a7152$b40$c20201127$lBLL01$h1346
=CAT  \\$a10806$b40$c20201204$lBLL01$h0922
=CAT  \\$aIPL-CLA$c20201231$lBLL01$h1524
=CAT  \\$aBATCH-UPD$b00$c20221121$lBLL01$h1427
=CAT  \\$aIPL-CLA$c20221231$lBLL01$h1440
=CAT  \\$aR2308-1440$c20230824$lBLL01$h0926
=CAT  \\$aIPL-CLA$c20230930$lBLL01$h0804
=CFI  0\$aCurrent copyright fee: GBP46.00$c2\0$e01-oct-2023$fGBP46.00$g0$hP$5Uk
=CFI  2\$aPrevious copyright fee: GBP46.00$c47\0$e01-jan-2023$fGBP46.00$g0$hP$5Uk
=FFP  \\$aY$bBLDSS-3PM
=FIN  \\$aY
=FMT  \\$a  SE
=LAS  \\$aIPL-CLA$b00$c20230930$lBLL01$h0804
=LEO  \\$aMP10.0000325720
=SRC  \\$aDSS01$bbibmp10.200404.2.aa
=TCO  \\$aNLD$bSTICHTING REPRORECHT$c008
=TOC  \\$aETOC

