=LDR  09025cas a2201705 a 4500
=001  010492730
=003  Uk
=005  20220930142512.0
=007  ta
=008  040409c19779999xxubr\p\\\\\\\0\\\a0eng\\
=019  c\$a2095312
=022  \\$a0145-482X
=040  \\$aUk$beng$cUk$dUk
=042  \\$aukblsr
=082  04$a362.41$222
=210  0\$aJ. vis. impair. blind.
=222  \0$aJournal of visual impairment & blindness
=245  00$aJournal of visual impairment & blindness.
=246  1\$iAt head of title, 1994-:$aJVIB
=246  3\$aJournal of visual impairment and blindness
=246  17$aVisual impairment & blindness
=260  \\$a[New York] :$b[American Foundation for the Blind, Information Dept., Publications Division],$c[1977]-
=300  \\$av. :$bill. ;$c28 cm.
=310  \\$aBimonthly,$b2013-
=321  \\$aMonthly,$b1998-2012
=321  \\$aMonthly (except July and Aug.)
=336  \\$atext$2rdacontent
=337  \\$aunmediated$2rdamedia
=338  \\$avolume$2rdacarrier
=362  1\$aBegan with volume 71 (January 1977).
=540  \\$aCurrent copyright fee: GBP32.82$c103\0$5Uk
=580  \\$aFormed by the union of: New outlook for the blind, and: Research bulletin - American Foundation for the Blind.
=580  \\$aStarting in 1994, JVIB expanded into a 2 part journal, this title being the research journal, and the JVIB news service being the newsletter; re-absorbed JVIB news service in 1998.
=595  \\$aFORMERLY 6084.86 UP TO VOL. 70(10), 1976 SEE ALSO CARD INDEX.
=650  \0$aBlind$vPeriodicals.
=650  \0$aPeople with visual disabilities$vPeriodicals.
=650  \0$aBlindness$vPeriodicals.
=650  \0$aVision disorders$vPeriodicals.
=690  7\$aSocial Welfare$2blcoll
=710  2\$aAmerican Foundation for the Blind.
=776  08$iAlso issued online as:$tJournal of visual impairment & blindness$x1559-1476
=780  14$tNew outlook for the blind$x0028-6435
=780  14$tResearch bulletin - American Foundation for the Blind$x0065-8367
=785  11$tJVIB news service$x1073-4279
=852  41$aBritish Library$bDSC$j5072.495000$3Vol. 71 (1977)-v. 106, no. 11 (2012)
=856  \\$31850-9999$uhttp://www.sagepublications.com/$xBLDSS
=945  \\$aJOURNAL OF VISUAL IMPAIRMENT AND BLINDNESS.
=959  \\$fHeld but not currently received
=985  \\$aCorrected by MS generated file for WR# 12.018
=985  \\$aISSN responsibility already transferred from U.S. Center - now waiting for print copy from SAGE (Richard, 27/11/20)
=A02  \\$a2095312
=ACF  \\$aPrevious Copyright Fee: GBP0.52$c0$e01-apr-2012$fGBP0.52$g0$hC$5Uk
=ACF  \\$aPrevious Copyright Fee: GBP0.48$c0$e01-jan-2012$fGBP0.48$g0$hC$5Uk
=ACF  \\$aPrevious Copyright Fee: GBP0.48$c0$e01-oct-2011$fGBP0.48$g0$hC$5Uk
=ACF  \\$aPrevious Copyright Fee: GBP0.48$c0$e01-jul-2011$fGBP0.48$g0$hC$5Uk
=ACF  \\$aPrevious Copyright Fee: GBP0.48$c0$e01-jan-2011$fGBP0.48$g0$hC$5Uk
=ACF  \\$aPrevious Copyright Fee: GBP0.48$c0$e01-oct-2010$fGBP0.48$g0$hC$5Uk
=ACF  \\$aPrevious Copyright Fee: GBP0.48$c0$e01-jul-2010$fGBP0.48$g0$hC$5Uk
=ACF  \\$aPrevious Copyright Fee: GBP0.48$c0$e01-apr-2010$fGBP0.48$g0$hC$5Uk
=ACF  \\$aPrevious Copyright Fee: GBP0.48$c0$e01-Jan-2010$fGBP0.48$g0$hC$5Uk
=ACF  \\$aPrevious Copyright Fee: GBP0.48$c0$e01-oct-2009$fGBP0.48$g0$hC$5Uk
=ACF  \\$aPrevious Copyright Fee: GBP0.57$c0$e01-jul-2009$fGBP0.57$g0$hC$5Uk
=ACF  \\$aPrevious Copyright Fee: GBP0.57$c0$e01-apr-2009$fGBP0.57$g0$hC$5Uk
=ACF  \\$aPrevious Copyright Fee: GBP0.50$c0$e01-jan-2009$fGBP0.50$g0$hC$5Uk
=ACF  \\$aPrevious Copyright Fee: GBP0.40$c0$e01-oct-2008$fGBP0.40$g0$hC$5Uk
=ACF  \\$aPrevious Copyright Fee: GBP0.40$c0$e01-jul-2008$fGBP0.40$g0$hC$5Uk
=ACF  \\$aPrevious Copyright Fee: GBP0.40$c0$e01-apr-2008$fGBP0.40$g0$hC$5Uk
=ACF  \\$aPrevious Copyright Fee: GBP0.40$c0$e01-jan-2008$fGBP0.40$g0$hC$5Uk
=ACF  \\$aPrevious Copyright Fee: GBP0.40$c0$e01-oct-2007$fGBP0.40$g0$hC$5Uk
=ACF  \\$aPrevious Copyright Fee: GBP0.40$c0$e01-jul-2007$fGBP0.40$g0$hC$5Uk
=ACF  \\$aPrevious Copyright Fee: GBP0.41$c0$e01-apr-2007$fGBP0.41$g0$hC$5Uk
=ACF  \\$aPrevious Copyright Fee: GBP0.43$c0$e01-jan-2007$fGBP0.43$g0$hC$5Uk
=ACF  \\$aPrevious Copyright Fee: GBP0.43$c0$e01-oct-2006$fGBP0.43$g0$hC$5Uk
=ACF  \\$aPrevious Copyright Fee: GBP0.46$c0$e01-jul-2006$fGBP0.46$g0$hC$5Uk
=ACF  \\$aPrevious Copyright Fee: GBP0.46$c0$e01-apr-2006$fGBP0.46$g0$hC$5Uk
=ACF  \\$aPrevious Copyright Fee: GBP0.44$c0$e01-jan-2006$fGBP0.44$g0$hC$5Uk
=ACF  \\$aPrevious Copyright Fee: GBP0.43$c0$e01-oct-2005$fGBP0.43$g0$hC$5Uk
=ACF  \\$aPrevious Copyright Fee: GBP0.43$c0$e01-jul-2005$fGBP0.43$g0$hC$5Uk
=ACF  \\$aPrevious Copyright Fee: GBP0.43$c0$e01-apr-2005$fGBP0.43$g0$hC$5Uk
=ACF  \\$aPrevious Copyright Fee: GBP0.44$c0$e01-jan-2005$fGBP0.44$g0$hC$5Uk
=ACF  \\$aPrevious Copyright Fee: GBP0.43$c0$e01-oct-2004$fGBP0.43$g0$hC$5Uk
=ACF  \\$aPrevious copyright fee: GBP0.43$c0$e01-apr-2004$fGBP0.43$g0$hC$5Uk
=ACF  \\$aCurrent copyright fee: GBP0.47$c0$e01-jan-2004$fGBP0.47$g0$hC$5Uk
=ACF  \\$aCurrent copyright fee: GBP0.50$c0$e01-jan-2003$fGBP0.50$g0$hC$5Uk
=ACF  \\$aPrevious Copyright Fee: GBP9.09$c0$e01-jul-2012$fGBP9.09$g0$hC$5Uk
=ACF  \\$aPrevious Copyright Fee: GBP9.68$c0$e01-oct-2012$fGBP9.68$g0$hC$5Uk
=ACF  \\$aPrevious Copyright Fee: GBP9.38$c0$e01-jan-2013$fGBP9.38$g0$hC$5Uk
=ACF  \\$aPrevious Copyright Fee: GBP9.68$c0$e01-jul-2013$fGBP9.68$g0$hC$5Uk
=ACF  \\$aPrevious Copyright Fee: GBP9.00$c0$e01-oct-2013$fGBP9.00$g0$hC$5Uk
=ACF  \\$aPrevious Copyright Fee: GBP9.38$c0$e01-jan-2014$fGBP9.38$g0$hC$5Uk
=ACF  \\$aPrevious Copyright Fee: GBP9.09$c0$e01-jul-2014$fGBP9.09$g0$hC$5Uk
=ACF  \\$aPrevious Copyright Fee: GBP10.00$c0$e01-apr-2015$fGBP10.00$g0$hC$5Uk
=ACF  \\$aPrevious Copyright Fee: GBP9.68$c0$e01-oct-2015$fGBP9.68$g0$hC$5Uk
=ACF  \\$aPrevious Copyright Fee: GBP10.34$c0$e01-apr-2016$fGBP10.34$g0$hC$5Uk
=ACF  \\$aPrevious Copyright Fee: GBP11.11$c0$e01-oct-2016$fGBP11.11$g0$hC$5Uk
=ACF  \\$aPrevious Copyright Fee: GBP12.00$c0$e01-apr-2017$fGBP12.00$g0$hC$5Uk
=ACF  \\$aPrevious Copyright Fee: GBP11.40$c0$e01-oct-2017$fGBP11.40$g0$hC$5Uk
=ACF  \\$aPrevious Copyright Fee: GBP11.54$c0$e01-jan-2018$fGBP11.54$g0$hC$5Uk
=ACF  \\$aPrevious Copyright Fee: GBP11.54$c0$e01-oct-2018$fGBP11.54$g0$hC$5Uk
=ACF  \\$aPrevious Copyright Fee: GBP10.71$c0$e01-apr-2018$fGBP10.71$g0$hC$5Uk
=ACF  \\$aPrevious copyright fee: GBP27.69$c103\0$e08-jan-2019$fGBP27.69$g0$hP$5Uk
=ACF  \\$aPrevious copyright fee: GBP29.08$c103\0$e01-jul-2019$fGBP29.08$g0$hP$5Uk
=ACF  \\$aPrevious copyright fee: GBP30.24$c103\0$e01-oct-2019$fGBP30.24$g0$hP$5Uk
=ACF  \\$aPrevious copyright fee: GBP30.29$c103\0$e01-apr-2020$fGBP30.29$g0$hP$5Uk
=ACF  \\$aPrevious copyright fee: GBP31.50$c103\0$e01-jul-2020$fGBP31.50$g0$hP$5Uk
=ACF  \\$aPrevious copyright fee: GBP29.17$c103\0$e01-apr-2021$fGBP29.17$g0$hP$5Uk
=ACF  \\$aPrevious copyright fee: GBP28.13$c103\0$e07-jul-2021$fGBP28.13$g0$hP$5Uk
=CAT  \\$aCONV$b00$c20040425$lBLL90$h0705
=CAT  \\$aIPL-CLA$c20180331$lBLL01$h1608
=CAT  \\$aBATCH-CLA$b00$c20180831$lBLL01$h1626
=CAT  \\$aIPL-CLA$c20180930$lBLL01$h1456
=CAT  \\$a5552$b40$c20190108$lBLL01$h1207
=CAT  \\$aBATCH-UPD$b40$c20190108$lBLL01$h2340
=CAT  \\$aBLDSS-3PM$b00$c20190115$lBLL01$h1424
=CAT  \\$aBATCH-UPD$b00$c20190115$lBLL01$h1428
=CAT  \\$aBATCH-UPD$b00$c20190521$lBLL01$h1346
=CAT  \\$aIPL-CLA$c20190630$lBLL01$h1529
=CAT  \\$aBATCH-UPD$b00$c20190829$lBLL01$h1428
=CAT  \\$aIPL-CLA$c20190930$lBLL01$h1632
=CAT  \\$a11205$b40$c20191125$lBLL01$h1118
=CAT  \\$aBATCH-UPD$b40$c20200219$lBLL01$h1419
=CAT  \\$aIPL-CLA$c20200331$lBLL01$h1608
=CAT  \\$aBATCH-UPD$b00$c20200522$lBLL01$h1411
=CAT  \\$aIPL-CLA$c20200701$lBLL01$h0050
=CAT  \\$a10806$b40$c20201127$lBLL01$h1408
=CAT  \\$aBATCH-UPD$b40$c20210226$lBLL01$h0952
=CAT  \\$aIPL-CLA$c20210331$lBLL01$h1657
=CAT  \\$aBATCH-UPD$b00$c20210707$lBLL01$h1515
=CAT  \\$aIPL-CLA$c20210707$lBLL01$h1842
=CAT  \\$aBATCH-UPD$b00$c20220520$lBLL01$h1543
=CAT  \\$aIPL-CLA$c20220630$lBLL01$h1535
=CAT  \\$aBATCH-UPD$b00$c20220824$lBLL01$h0818
=CAT  \\$aIPL-CLA$c20220930$lBLL01$h1425
=CFI  0\$aCurrent copyright fee: GBP32.82$c103\0$e01-oct-2022$fGBP32.82$g0$hP$5Uk
=CFI  2\$aPrevious copyright fee: GBP31.50$c103\0$e01-jul-2022$fGBP31.50$g0$hP$5Uk
=FFP  \\$aY$bBLDSS-3PM
=FIN  \\$aY
=FMT  \\$a  SE
=LAS  \\$aIPL-CLA$b00$c20220930$lBLL01$h1425
=LEO  \\$aMP10.0000326561
=LET  \0$aJournal of visual impairment & blindness (Print)
=SRC  \\$aDSS01$bbibmp10.200404.2.aa
=TCO  \\$aTRS$bCCC$c008
=TOC  \\$aETOC
=UNO  \\$aY

