=LDR  04113 as a2201057 a 4500
=001  010492735
=003  Uk
=005  20200331160856.0
=007  ta
=008  910201d19902003enkfr\p\\\\\\\0\\\a0eng\\
=015  \\$aGB9111124$2bnb
=019  c\$a2424581
=019  y\$ab9111124
=019  9\$ab9111124
=019  0\$as569767008
=022  0\$a1049-8907
=039  0\$a2126
=040  \\$aUk$cUk$dUk
=082  04$a006.68$220
=084  \\$aPN 81$2blsrissc
=084  \\$aPP 36$2blsrissc
=222  \0$aJournal of visualization and computer animation
=245  00$aJournal of visualization and computer animation.
=260  \\$aChichester :$bWiley,$c1990-2003.
=300  \\$a[?] v. :$bill. ;$c30cm.
=310  \\$aTwo issues yearly
=336  \\$atext$2rdacontent
=337  \\$aunmediated$2rdamedia
=338  \\$avolume$2rdacarrier
=362  0\$aVol.1, no.1 (Apr. 1990)-Vol. 14, no. 5 (Dec. 2003)
=540  \\$aCurrent copyright fee: GBP32.00$c35\0$5Uk
=595  \\$aCONTD AS 3393.5967 VOL. 15(1), 2004-.
=653  1\$aGraphics$aUse of$aComputers
=785  00$tComputer animation & virtual worlds
=852  41$aBritish Library$bDSC$j5072.497000$3Vol. 1, no. 1 (1990)-v. 14, no. 5 (2003)***UKRR Retained Title
=852  71$aBritish Library$bSTI$k(P)$hPN 81$m-E(17)$2blsrissc$3Volume 1 (1990)-Volume 14 (2003)
=856  \\$31850-9999$uhttp://onlinelibrary.wiley.com/$xBLDSS
=945  \\$aJOURNAL OF VISUALIZATION AND COMPUTER ANIMATION.
=958  \\$a(P) PN 10 -E(25)
=959  \\$fHeld but not currently received
=963  \\$aVOL. 1, 1990- *A=1$bN$cU
=985  \\$aISSN responsibility held by US ISSN Centre
=A02  \\$a2424581
=ACF  \\$aPrevious Copyright Fee: GBP20.00$c0$e01-jan-2005$fGBP20.00$g0$hC$5Uk
=ACF  \\$aPrevious Copyright Fee: GBP20.00$c0$e01-oct-2004$fGBP20.00$g0$hC$5Uk
=ACF  \\$aPrevious copyright fee: GBP20.00$c0$e01-oct-2001$fGBP20.00$g0$hC$5Uk
=ACF  \\$aCurrent copyright fee: GBP12.00$c0$e01-apr-1997$fGBP12.00$g0$hC$5Uk
=ACF  \\$aPrevious Copyright Fee: GBP17.00$c35\0$e01-apr-2005$fGBP17.00$g0$hP$5Uk
=ACF  \\$aPrevious copyright fee: GBP22.00$c35\0$e01-jan-2011$fGBP22.00$g0$hP$5Uk
=ACF  \\$aPrevious copyright fee: GBP24.00$c35\0$e01-mar-2015$fGBP24.00$g0$hP$5Uk
=CAT  \\$aCONV$b00$c20040425$lBLL90$h0705
=CAT  \\$c20050401$lBLL01$h0647
=CAT  \\$c20050401$lBLL01$h0800
=CAT  \\$a11187$b40$c20050518$lBLL01$h1212
=CAT  \\$a11187$b40$c20051125$lBLL01$h1210
=CAT  \\$a11316$b40$c20051230$lBLL01$h1119
=CAT  \\$a11316$b40$c20051230$lBLL01$h1248
=CAT  \\$aBATCH-UPD$b40$c20060901$lBLL01$h0946
=CAT  \\$aBATCH-UPD$b40$c20060901$lBLL01$h1024
=CAT  \\$aBATCH$b00$c20091210$lBLL01$h0205
=CAT  \\$aBATCH-UPD$b00$c20101116$lBLL01$h1334
=CAT  \\$aIPL-CLA$c20101231$lBLL01$h1348
=CAT  \\$aBATCH-UPD$b00$c20120614$lBLL01$h2121
=CAT  \\$aBATCH-CLA$b00$c20121105$lBLL01$h1741
=CAT  \\$aWR12_168$c20121206$lBLL01$h1835
=CAT  \\$aWR13.005$c20130322$lBLL01$h2012
=CAT  \\$aWR14_140$c20140905$lBLL01$h1742
=CAT  \\$aBLDSS-3PM$b00$c20141214$lBLL01$h1520
=CAT  \\$aBATCH-UPD$b00$c20150215$lBLL01$h1653
=CAT  \\$aIPL-CLA$c20150228$lBLL01$h2044
=CAT  \\$aBATCH-UPD$b00$c20170302$lBLL01$h1801
=CAT  \\$aBATCH-UPD$b00$c20180219$lBLL01$h1742
=CAT  \\$aBATCH-UPD$b00$c20181121$lBLL01$h1619
=CAT  \\$aIPL-CLA$c20181231$lBLL01$h1537
=CAT  \\$aBATCH-UPD$b00$c20200219$lBLL01$h1540
=CAT  \\$aIPL-CLA$c20200331$lBLL01$h1608
=CFI  0\$aCurrent copyright fee: GBP32.00$c35\0$e01-apr-2020$fGBP32.00$g0$hP$5Uk
=CFI  2\$aPrevious copyright fee: GBP28.00$c35\0$e01-jan-2019$fGBP28.00$g0$hP$5Uk
=FFP  \\$aY$bBLDSS-3PM
=FIN  \\$aY
=FMT  \\$a  SE
=LAS  \\$aIPL-CLA$b00$c20200331$lBLL01$h1608
=LEO  \\$aMP10.0000326566
=LEO  \\$aMP5.0000788060
=LEO  \\$aMP25.0000260457
=SRC  \\$aDSS01$bbibmp10.200404.2.aa
=SRC  \\$aBNB03$bbibmp5.200404.2.ab
=SRC  \\$aSRI01$bbibmp25.200404.2.aa
=TCO  \\$aCLA$bCLA$c008
=TOC  \\$aETOC
=UNO  \\$aY

