=LDR  06778cas a2201321 a 4500
=001  010492764
=003  Uk
=005  20230209233414.0
=007  ta
=008  040409d20002020enkbr\p\\\\\\\0\\\a0eng\\
=015  \\$aGBA602499$2bnb
=019  c\$a2591811
=022  0\$a1606-9935$y0003-7214
=040  \\$aUk$beng$cUk
=042  \\$aukblsr
=082  04$a363.6105$222
=222  \0$aJournal of water supply : research and technology. AQUA$b(Print)
=245  00$aJournal of water supply : research and technology - AQUA :$ba journal of the International Water Association.
=260  \\$aLondon :$bIWA Publishing,$c2000-2020.
=300  \\$av. :$bill. ;$c28 cm.
=310  \\$aBi-monthly
=336  \\$atext$2rdacontent
=337  \\$aunmediated$2rdamedia
=338  \\$avolume$2rdacarrier
=362  0\$aVol. 49, no. 1 (Feb. 2000)-vol. 69 issue 7/8 (Nov./Dec. 2020).
=540  \\$aCurrent Copyright Fee: GBP13.35$c0$5Uk
=595  \\$aFORMERLY 1581.86 UP TO VOL. 48, 1999 SEE ALSO 1581.86 FOR OTHER EXTERNAL HOLDINGS.
=650  \0$aWater-supply$vPeriodicals.
=710  2\$aInternational Water Association.
=776  0\$tJournal of water supply: research and technology, AQUA (Online)$x1605-3974
=780  00$tAqua$x0003-7214
=785  00$tAqua (London, England : 2021)$x2709-8028
=852  71$aBritish Library$bSTI$k(P)$hSL 24$m(I) -E(1)$2blsrissc$3Vol. 49 (2000)-vol. 69 issue 7/8 (2020:Nov./Dec. 2020)
=852  41$aBritish Library$bDSC$j5072.543500$3Vol. 49, no. 1 (2000)-v. 63, no. 8 (2014)***UKRR Retained Title***Stock Incomplete
=945  \\$aJOURNAL OF WATER SUPPLY.
=959  \\$fHeld but not currently received
=963  \\$aVOL. 49, 2000- *A=1$bN$cL427:7.B.807
=985  \\$aISSN responsibility held by International ISSN Centre - 5/1/07
=985  \\$aCONFERENCE ANALYTIC RECORDS EXIST
=ACF  \\$aPrevious Copyright Fee: GBP13.35$c0$e01-apr-2012$fGBP13.35$g0$hC$5Uk
=ACF  \\$aPrevious Copyright Fee: GBP13.35$c0$e01-jan-2012$fGBP13.35$g0$hC$5Uk
=ACF  \\$aPrevious Copyright Fee: GBP13.35$c0$e01-oct-2011$fGBP13.35$g0$hC$5Uk
=ACF  \\$aPrevious Copyright Fee: GBP13.35$c0$e01-jul-2011$fGBP13.35$g0$hC$5Uk
=ACF  \\$aPrevious Copyright Fee: GBP13.35$c0$e01-apr-2011$fGBP13.35$g0$hC$5Uk
=ACF  \\$aPrevious Copyright Fee: GBP13.35$c0$e01-jan-2011$fGBP13.35$g0$hC$5Uk
=ACF  \\$aPrevious Copyright Fee: GBP13.35$c0$e01-oct-2010$fGBP13.35$g0$hC$5Uk
=ACF  \\$aPrevious Copyright Fee: GBP13.35$c0$e01-jul-2010$fGBP13.35$g0$hC$5Uk
=ACF  \\$aPrevious Copyright Fee: GBP13.35$c0$e01-apr-2010$fGBP13.35$g0$hC$5Uk
=ACF  \\$aPrevious Copyright Fee: GBP13.35$c0$e01-Jan-2010$fGBP13.35$g0$hC$5Uk
=ACF  \\$aPrevious Copyright Fee: GBP13.35$c0$e01-oct-2009$fGBP13.35$g0$hC$5Uk
=ACF  \\$aPrevious Copyright Fee: GBP13.35$c0$e01-jul-2009$fGBP13.35$g0$hC$5Uk
=ACF  \\$aPrevious Copyright Fee: GBP13.35$c0$e01-apr-2009$fGBP13.35$g0$hC$5Uk
=ACF  \\$aPrevious Copyright Fee: GBP13.35$c0$e01-jan-2009$fGBP13.35$g0$hC$5Uk
=ACF  \\$aPrevious Copyright Fee: GBP10.00$c0$e01-oct-2008$fGBP10.00$g0$hC$5Uk
=ACF  \\$aPrevious Copyright Fee: GBP13.35$c0$e01-jul-2008$fGBP13.35$g0$hC$5Uk
=ACF  \\$aPrevious Copyright Fee: GBP13.35$c0$e01-apr-2008$fGBP13.35$g0$hC$5Uk
=ACF  \\$aPrevious Copyright Fee: GBP13.35$c0$e01-jan-2008$fGBP13.35$g0$hC$5Uk
=ACF  \\$aPrevious Copyright Fee: GBP13.35$c0$e01-oct-2007$fGBP13.35$g0$hC$5Uk
=ACF  \\$aPrevious Copyright Fee: GBP13.35$c0$e01-jul-2007$fGBP13.35$g0$hC$5Uk
=ACF  \\$aPrevious Copyright Fee: GBP13.35$c0$e01-apr-2007$fGBP13.35$g0$hC$5Uk
=ACF  \\$aPrevious Copyright Fee: GBP13.35$c0$e01-jan-2007$fGBP13.35$g0$hC$5Uk
=ACF  \\$aPrevious Copyright Fee: GBP13.35$c0$e01-oct-2006$fGBP13.35$g0$hC$5Uk
=ACF  \\$aPrevious Copyright Fee: GBP13.35$c0$e01-jul-2006$fGBP13.35$g0$hC$5Uk
=ACF  \\$aPrevious Copyright Fee: GBP13.35$c0$e01-apr-2006$fGBP13.35$g0$hC$5Uk
=ACF  \\$aPrevious Copyright Fee: GBP13.35$c0$e01-jan-2006$fGBP13.35$g0$hC$5Uk
=ACF  \\$aPrevious Copyright Fee: GBP13.35$c0$e01-oct-2005$fGBP13.35$g0$hC$5Uk
=ACF  \\$aPrevious Copyright Fee: GBP13.35$c0$e01-jul-2005$fGBP13.35$g0$hC$5Uk
=ACF  \\$aPrevious Copyright Fee: GBP13.35$c0$e01-apr-2005$fGBP13.35$g0$hC$5Uk
=ACF  \\$aPrevious Copyright Fee: GBP13.35$c0$e01-jan-2005$fGBP13.35$g0$hC$5Uk
=ACF  \\$aPrevious Copyright Fee: GBP13.35$c0$e01-oct-2004$fGBP13.35$g0$hC$5Uk
=ACF  \\$aPrevious copyright fee: GBP13.35$c0$e01-jul-2002$fGBP13.35$g0$hC$5Uk
=ACF  \\$aCurrent copyright fee: GBP16.00$c0$e01-jan-2002$fGBP16.00$g0$hC$5Uk
=ACF  \\$aCurrent copyright fee: GBP2.50$c0$e05-apr-2000$fGBP2.50$g0$hC$5Uk
=ACF  \\$aPrevious Copyright Fee: GBP13.35$c0$e01-jul-2012$fGBP13.35$g0$hC$5Uk
=ACF  \\$aPrevious Copyright Fee: GBP13.35$c0$e01-oct-2012$fGBP13.35$g0$hC$5Uk
=CAT  \\$aCONV$b00$c20040425$lBLL90$h0705
=CAT  \\$aBATCH-CLA$b00$c20110831$lBLL01$h1753
=CAT  \\$aBATCH-CLA$b00$c20110831$lBLL01$h1809
=CAT  \\$aIPL-CLA$c20110930$lBLL01$h1529
=CAT  \\$aBATCH-CLA$b00$c20111130$lBLL01$h1205
=CAT  \\$aBATCH-CLA$b00$c20111130$lBLL01$h1218
=CAT  \\$aIPL-CLA$c20111230$lBLL01$h1848
=CAT  \\$aBATCH-CLA$b00$c20120229$lBLL01$h1614
=CAT  \\$aBATCH-CLA$b00$c20120229$lBLL01$h1637
=CAT  \\$aIPL-CLA$c20120330$lBLL01$h1415
=CAT  \\$aBATCH-CLA$b00$c20120531$lBLL01$h1706
=CAT  \\$aBATCH-UPD$b00$c20120614$lBLL01$h2121
=CAT  \\$aIPL-CLA$c20120629$lBLL01$h1013
=CAT  \\$aBATCH-CLA$b00$c20120831$lBLL01$h1533
=CAT  \\$aIPL-CLA$c20120930$lBLL01$h2042
=CAT  \\$aBATCH-CLA$b00$c20121105$lBLL01$h1741
=CAT  \\$aWR12_168$c20121206$lBLL01$h1835
=CAT  \\$aWR13.005$c20130322$lBLL01$h2012
=CAT  \\$a6162$b40$c20140415$lBLL01$h1341
=CAT  \\$aCDS15-UPD$b40$c20140630$lBLL01$h1053
=CAT  \\$aWR14_140$c20140905$lBLL01$h1742
=CAT  \\$a8874$b40$c20160912$lBLL01$h1032
=CAT  \\$a5110$b40$c20220203$lBLL01$h1300
=CAT  \\$a5110$b40$c20220203$lBLL01$h1304
=CAT  \\$aBATCH-CLA$b00$c20221130$lBLL01$h1440
=CAT  \\$aIPL-CLA$c20221231$lBLL01$h1440
=CAT  \\$aBATCH-CLA$b00$c20230209$lBLL01$h1527
=CAT  \\$aIPL-CLA$c20230209$lBLL01$h2334
=CFI  0\$aCurrent Copyright Fee: GBP13.35$c0$e09-feb-2023$fGBP13.35$g0$hC$5Uk
=CFI  2\$aBritish Library not licensed to copy$c0$e01-jan-2023$hC$iCFP Excluded$5Uk
=FIN  \\$aY
=FMT  \\$a  SE
=LAS  \\$aIPL-CLA$b00$c20230209$lBLL01$h2334
=LEO  \\$aMP10.0000326613
=LKR  \\$aPAR$b010462688$lBLL01$r78000$mJournal of water supply : research and technology. AQUA (Print)$nAqua (London. Print)
=SRC  \\$aDSS01$bbibmp10.200404.2.aa
=TCO  \\$aCLA$bCLA$c008
=TOC  \\$aETOC

