=LDR  04062cas a2200985 i 4500
=001  010521914
=003  Uk
=005  20221231195302.0
=007  ta
=008  801111c19809999enkmr\\\\\\\\\0\\\a0eng\\
=015  \\$aGB8106534$2bnb
=019  y\$aB8106534
=019  9\$ab8106534
=019  1\$abld00E5155
=019  0\$as508561000
=022  0\$a0144-6800
=039  0\$a1626
=040  \\$aUk$cUk$dUk
=042  \\$aukblsr
=050  00$aZ5601
=082  04$a016.33817373$219
=084  \\$aDY 79(C20)$2blsrissc
=210  0\$aInt. Coffee Organ. Libr. mon. entries
=222  \0$aInternational Coffee Organization Library monthly entries
=245  00$aInternational Coffee Organization Library monthly entries.
=246  04$aLibrary monthly entries
=260  \\$aLondon (23 Berners St., London, W1P 4DD) :$bInternational Coffee Organization,$c1980-
=300  \\$av. ;$c30 cm.
=310  \\$aMonthly
=336  \\$atext$2rdacontent
=337  \\$aunmediated$2rdamedia
=338  \\$avolume$2rdacarrier
=362  0\$a[1980]-
=500  \\$aCover title: Library monthly entries.
=500  \\$aDescription based on: Nos. 219 & 220 (Sept. and Oct. 1998).
=540  \\$aCurrent Copyright Fee: GBP25.00$c0$5Uk
=610  20$aInternational Coffee Organization (1962- ).$bLibrary$vCatalogs.
=650  \0$aCoffee industry$vBibliography.
=653  \\$aInternational Coffee Organization$aLibrary$aStock$aCatalogues$aSerials
=710  2\$aInternational Coffee Organization (1962- )
=852  41$aBritish Library$bHMNTS$jYA.2002.b.4537$3[1980]-***[Another copy.]
=852  71$aBritish Library$bSTI$k(A)$hDY 79$m(C20) -E(1)$2blsrissc$31980-1980; NO.03.[SEPT 1980]
=852  41$aBritish Library$bHMNTS$jZK.9.b.15026$3Holdings: no. 219/220 (Sept/Oct. 1998)-
=886  2\$2blmarc$a092$b00$a4538.703500n
=886  2\$2ukmarc$a910$b20$aOrganización Internacional del Cafe$xSee$aInternational Coffee Organization$z710
=886  2\$2ukmarc$a910$b20$aOrganização Internacional do Café$xSee$aInternational Coffee Organization$z710
=886  2\$2ukmarc$a910$b20$aOrganisation internationale du café$xSee$aInternational Coffee Organization$z710
=886  2\$2blmarc$a710$b00$aOrganização Internacional do Café$aOrganisation internationale du café
=945  \\$aINTERNATIONAL COFFEE ORGANISATION LIBRARY MONTHLY ENTRIES.
=957  \\$a991125c
=979  \\$aBritish Library$bDSC$j4538.703500N
=985  \\$aISSN UK Centre: responsibility transferred to IC, publisher=international body (15.10.15).
=ACF  \\$aPrevious Copyright Fee: GBP17.50$c0$e01-jan-2018$fGBP17.50$g0$hA$5Uk
=ACF  \\$aPrevious Copyright Fee: GBP20.00$c0$e01-jan-2020$fGBP20.00$g0$hA$5Uk
=CAT  \\$aCONV$b00$c20040425$lBLL90$h0718
=CAT  \\$aCONV$b00$c20040502$lBLL01$h1403
=CAT  \\$aglobal_upd$b40$c20060417$lBLL01$h1740
=CAT  \\$a8964$b40$c20060719$lBLL01$h1030
=CAT  \\$a8964$b40$c20060719$lBLL01$h1036
=CAT  \\$aWR09-126
=CAT  \\$aBATCH-UPD$b40$c20090904$lBLL01$h1719
=CAT  \\$aBATCH$b00$c20091210$lBLL01$h0214
=CAT  \\$aWR14_140$c20140905$lBLL01$h1743
=CAT  \\$a10973$b40$c20151015$lBLL01$h1552
=CAT  \\$a8124$b40$c20200618$lBLL01$h1554
=CAT  \\$aBATCH-CLA$b00$c20201204$lBLL01$h1501
=CAT  \\$aIPL-CLA$c20201231$lBLL01$h2045
=CAT  \\$aBATCH-CLA$b00$c20221221$lBLL01$h1807
=CAT  \\$aIPL-CLA$c20221231$lBLL01$h1953
=CFI  0\$aCurrent Copyright Fee: GBP25.00$c0$e01-jan-2023$fGBP25.00$g0$hA$5Uk
=CFI  2\$aPrevious Copyright Fee: GBP22.50$c0$e01-jan-2021$fGBP22.50$g0$hA$5Uk
=FIN  \\$aY
=FMT  \\$a  SE
=LAS  \\$aIPL-CLA$b00$c20221231$lBLL01$h1953
=LEO  \\$aMP5.0000513204
=LEO  \\$aMP13.0000060647
=LEO  \\$aMP22.0000007685
=LEO  \\$aMP25.0000199197
=LEO  \\$aMP10.0000291511
=SRC  \\$aDSS01$bbibmp10.200404.2.aa
=SRC  \\$aBNB03$bbibmp5.200404.2.aa
=SRC  \\$aHSS01$bbibmp13.200404.2.aa
=SRC  \\$aISN01$bbibmp22.200404.2.aa
=SRC  \\$aSRI01$bbibmp25.200404.2.aa
=TCO  \\$aCLA$bCLA$c008

