=LDR  06018cas a2201333 a 4500
=001  010535897
=003  Uk
=005  20230930080449.0
=006  aa\\\|||||||||||||
=007  ta
=008  770714c19779999enkqr\p\\\\\\\0\\\a0eng\\
=015  \\$aGB7724128$2bnb
=019  y\$aB7724128
=019  9\$ab7724128
=019  c\$a2093938
=019  1\$ab7724128
=022  0\$a0309-877X
=040  \\$aUk$cUk$dUk
=043  \\$ae-uk---
=082  04$a374.941$219
=210  0\$aJ. furth. high. educ.
=222  \0$aJournal of further and higher education
=245  00$aJournal of further and higher education.
=260  \\$aLondon :$bNational Association of Teachers in Further and Higher Education,$c1977-
=264  31$aAbingdon, Oxon :$bRoutledge, Taylor & Francis
=300  \\$av. :$bill. ;$c24 cm.
=310  \\$aQuarterly
=321  \\$aThree issues yearly
=336  \\$atext$2rdacontent
=337  \\$aunmediated$2rdamedia
=338  \\$avolume$2rdacarrier
=362  0\$aVol. 1, no. 1 (spring 1977)-
=504  \\$aIncludes bibliographies.
=540  \\$aCurrent copyright fee: GBP37.00$c2\0$5Uk
=588  \\$aLatest issue consulted: volume 37, number 4 (July 2013).
=595  \\$aFormerly 3661.344000 up to No. 101 (1976), See also card index.
=650  \0$aAdult education$zGreat Britain$vPeriodicals.
=650  \0$aEducation, Higher$zGreat Britain$vPeriodicals.
=690  7\$aSocial Welfare$2blcoll
=710  2\$aNational Association of Teachers in Further and Higher Education (Great Britain)
=710  2\$aUniversity and College Union (Great Britain)
=776  0\$tJournal of further and higher education (Online)$x1469-9486
=780  00$tEducation for teaching$x0013-1326
=852  41$aBritish Library$bHMNTS$jP.521/3126$3Vol.1, no.1 (Spring 1977)-v. 39, no. 6 (2015)***title now taken as electronic copy only
=852  41$aBritish Library$bDSC$j4986.850000$3Vol. 1 (1977)-v. 38 (2014)***Stock incomplete***UKRR Retained Title
=856  \\$31850-9999$uhttp://www.tandfonline.com/$xBLDSS
=945  \\$aJournal of further and higher education
=957  \\$a770713c
=959  \\$fHeld but not currently received
=963  \\$aVol. 1 (1977)-$bY$cL240.C.707
=985  \\$aISSN responsibility taken by US ISSN Center (multinational publisher), August 21 2013.
=A02  \\$a2093938
=ACF  \\$aPrevious copyright fee: GBP17.00$c1\0$e01-jan-2010$fGBP17.00$g0$hP$5Uk
=ACF  \\$aPrevious copyright fee: GBP16.00$c1\0$e01-jan-2009$fGBP16.00$g0$hP$5Uk
=ACF  \\$aPrevious copyright fee: GBP15.00$c1\0$e01-apr-2008$fGBP15.00$g0$hP$5Uk
=ACF  \\$aPrevious copyright fee: GBP16.00$c1\0$e01-jan-2007$fGBP16.00$g0$hP$5Uk
=ACF  \\$aPrevious copyright fee: GBP13.00$c1\0$e01-jan-2005$fGBP13.00$g0$hP$5Uk
=ACF  \\$aPrevious copyright fee: GBP11.00$c1\0$e01-jan-2004$fGBP11.00$g0$hP$5Uk
=ACF  \\$aCurrent copyright fee: GBP10.00$c1\0$e01-apr-2002$fGBP10.00$g0$hP$5Uk
=ACF  \\$aCurrent copyright fee: GBP9.00$c1\0$e01-jan-2000$fGBP9.00$g0$hP$5Uk
=ACF  \\$aPrevious copyright fee: GBP21.00$c1\0$e01-jan-2011$fGBP21.00$g0$hP$5Uk
=ACF  \\$aPrevious copyright fee: GBP23.00$c1\0$e01-jan-2012$fGBP23.00$g0$hP$5Uk
=ACF  \\$aPrevious copyright fee: GBP23.50$c1\0$e01-jan-2013$fGBP23.50$g0$hP$5Uk
=ACF  \\$aPrevious copyright fee: GBP24.00$c1\0$e01-jan-2014$fGBP24.00$g0$hP$5Uk
=ACF  \\$aPrevious copyright fee: GBP25.00$c1\0$e01-jan-2015$fGBP25.00$g0$hP$5Uk
=ACF  \\$aPrevious copyright fee: GBP26.00$c1\0$e01-jan-2016$fGBP26.00$g0$hP$5Uk
=ACF  \\$aPrevious copyright fee: GBP28.00$c1\0$e01-jan-2017$fGBP28.00$g0$hP$5Uk
=ACF  \\$aPrevious copyright fee: GBP30.00$c1\0$e01-jan-2018$fGBP30.00$g0$hP$5Uk
=ACF  \\$aPrevious copyright fee: GBP32.00$c1\0$e01-jan-2019$fGBP32.00$g0$hP$5Uk
=ACF  \\$aPrevious copyright fee: GBP34.00$c1\0$e01-jan-2020$fGBP34.00$g0$hP$5Uk
=ACF  \\$aPrevious copyright fee: GBP35.00$c1\0$e01-jan-2021$fGBP35.00$g0$hP$5Uk
=CAT  \\$aWR09-126
=CAT  \\$aBATCH-CLA$b00$c20140125$lBLL01$h1319
=CAT  \\$aBATCH-CLA$c20140225$lBLL01$h2317
=CAT  \\$aWR14_140$c20140905$lBLL01$h1743
=CAT  \\$aBATCH-UPD$b00$c20141124$lBLL01$h1741
=CAT  \\$aBLDSS-3PM$b00$c20141130$lBLL01$h1247
=CAT  \\$aIPL-CLA$c20141231$lBLL01$h1647
=CAT  \\$aBATCH-UPD$b00$c20151119$lBLL01$h1520
=CAT  \\$aIPL-CLA$c20151231$lBLL01$h1914
=CAT  \\$a8483$b40$c20160412$lBLL01$h1430
=CAT  \\$aBATCH-UPD$b40$c20160413$lBLL01$h1811
=CAT  \\$aBATCH-UPD$b40$c20161122$lBLL01$h1443
=CAT  \\$aBATCH-UPD$b40$c20161122$lBLL01$h1446
=CAT  \\$aIPL-CLA$c20161230$lBLL01$h1950
=CAT  \\$aBATCH-UPD$b00$c20171121$lBLL01$h1622
=CAT  \\$aIPL-CLA$c20171231$lBLL01$h1522
=CAT  \\$aBATCH-UPD$b00$c20181217$lBLL01$h1628
=CAT  \\$aIPL-CLA$c20181231$lBLL01$h1537
=CAT  \\$aBATCH-UPD$b00$c20191122$lBLL01$h1841
=CAT  \\$aIPL-CLA$c20191231$lBLL01$h1834
=CAT  \\$aBATCH-UPD$b00$c20201118$lBLL01$h1323
=CAT  \\$aIPL-CLA$c20201231$lBLL01$h1525
=CAT  \\$aBATCH-UPD$b00$c20221121$lBLL01$h1318
=CAT  \\$aIPL-CLA$c20221231$lBLL01$h1440
=CAT  \\$aR2308-1440$c20230824$lBLL01$h0926
=CAT  \\$aIPL-CLA$c20230930$lBLL01$h0804
=CFI  0\$aCurrent copyright fee: GBP37.00$c2\0$e01-oct-2023$fGBP37.00$g0$hP$5Uk
=CFI  2\$aPrevious copyright fee: GBP37.00$c1\0$e01-jan-2023$fGBP37.00$g0$hP$5Uk
=FFP  \\$aY$bBLDSS-3PM
=FIN  \\$aY
=FMT  \\$a  SE
=LAS  \\$aIPL-CLA$b00$c20230930$lBLL01$h0804
=LEO  \\$aMP5.0000487552
=LEO  \\$aMP10.0000321816
=LEO  \\$aMP13.0000242842
=LEO  \\$aMP22.0000022459
=LKR  \\$aPAR$b013357668$lBLL01$r776$mJournal of further and higher education (Print)$nJournal of further and higher education (Online)
=SRC  \\$aBNB03$bbibmp5.200404.2.aa
=SRC  \\$aDSS01$bbibmp10.200404.2.aa
=SRC  \\$aHSS01$bbibmp13.200404.2.aa
=SRC  \\$aISN01$bbibmp22.200404.2.aa
=TCO  \\$aCLA$bCLA$c008
=TOC  \\$aETOC

