=LDR  02988 as a2200817 a 4500
=001  010536896
=003  Uk
=005  20121009115352.0
=006  aabc\|||||||||||||
=007  ta
=008  771122d19771982enkbr\p\\\\\\\0\\\a0eng\\
=015  \\$aGB7733735$2bnb
=019  y\$aB7733735
=019  9\$ab7733735
=019  1\$ab7733735
=019  c\$a2081435
=022  0\$a0140-6434
=040  \\$aUk$cUk$dUk$dUk
=050  00$aHE561.5
=082  04$a387/.06/11$218
=110  2\$aInter-Governmental Maritime Consultative Organization.
=210  0\$aIMCO news
=222  \0$aIMCO news
=245  10$aIMCO news.
=246  00$aInter-Governmental Maritime Consultative Organization news
=260  \\$aLondon :$bI.M.C.O.,$c[1977]-1982.
=300  \\$av. :$bill(some col), col maps, ports. ;$c30 cm.
=310  \\$aSix issues a year
=336  \\$atext$2rdacontent
=337  \\$aunmediated$2rdamedia
=338  \\$avolume$2rdacarrier
=362  0\$a1977, [no.1]-1982, no.1.
=540  \\$aBritish Library not licensed to copy$c0$5Uk
=595  \\$aSEE ALSO SERIAL RECORDS MARINE.
=610  20$aInter-Governmental Maritime Consultative Organization$vPeriodicals.
=653  \\$aInter-Governmental Maritime Consultative Organization$aSerials
=852  41$aBritish Library$bDSC$j4369.078000$3NO. 1, 1979 *A=1
=852  41$aBritish Library$bHMNTS$jP.621/733$3no.1 (1977)- no. 1 (1982)
=945  \\$aIMCO NEWS.
=959  \\$fHeld but not currently received
=963  \\$a1977- 1982 *A=1$bN$cOP.110.26.03
=985  \\$aISSN UK: International ISSN Centre responsibility (International organisation)
=ACF  \\$aPrevious copyright fee: GBP5.00$c0$e01-jul-2002$fGBP5.00$g0$hC$5Uk
=ACF  \\$aCurrent copyright fee: GBP4.40$c0$e01-jul-1998$fGBP4.40$g0$hA$5Uk
=ACF  \\$aCurrent copyright fee: GBP4.20$c0$e01-apr-1997$fGBP4.20$g0$hA$5Uk
=CAT  \\$aCONV$b00$c20040425$lBLL90$h0724
=CAT  \\$aCONV$b00$c20040502$lBLL01$h1403
=CAT  \\$aglobal_upd$b40$c20060417$lBLL01$h1741
=CAT  \\$aWR09-126
=CAT  \\$aBATCH-UPD$b40$c20090904$lBLL01$h1719
=CAT  \\$aBATCH$b00$c20091210$lBLL01$h0216
=CAT  \\$a8456$b40$c20120914$lBLL01$h1216
=CAT  \\$aISSN$b40$c20121009$lBLL01$h1149
=CAT  \\$aISSN$b40$c20121009$lBLL01$h1153
=CAT  \\$aBATCH-CLA$b00$c20121107$lBLL01$h1918
=CAT  \\$aWR13.005$c20130323$lBLL01$h1201
=CAT  \\$aWR14_140$c20140905$lBLL01$h1743
=CFI  0\$aBritish Library not licensed to copy$c0$e07-sep-2011$hC$iTX$5Uk
=CFI  2\$aPrevious copyright fee: GBP10.50$c0$e01-jan-2011$fGBP10.50$g0$hA$5Uk
=FIN  \\$aY
=FMT  \\$a  SE
=LAS  \\$aWR14_140$b00$c20140905$lBLL01$h1743
=LEO  \\$aMP5.0000489157
=LEO  \\$aMP13.0000243932
=LEO  \\$aMP22.0000003833
=LEO  \\$aMP10.0000278348
=SRC  \\$aBNB03$bbibmp5.200404.2.aa
=SRC  \\$aHSS01$bbibmp13.200404.2.aa
=SRC  \\$aDSS01$bbibmp10.200404.2.aa
=SRC  \\$aISN01$bbibmp22.200404.2.aa
=TCO  \\$aCLA$bCLA$c008

