=LDR  07212cas a2201513 a 4500
=001  010540929
=003  Uk
=005  20230210005417.0
=006  aac\\|||||||||||||
=007  ta
=008  780810d1978200uenkuu\p\\\\\\\0\\\a0eng\\
=015  \\$aGB7831067$2bnb
=019  y\$aB7831067
=019  9\$ab7831067
=019  c\$a2053149
=019  1\$ab7831067
=022  0\$a0141-8513
=040  \\$aUk$cUk$dUk
=043  \\$ab------
=050  00$aDA10
=082  04$a909.09712410828$219
=210  0\$aCommonw. curr.
=222  \0$aCommonwealth currents
=245  00$aCommonwealth currents.
=260  \\$aLondon :$bCommonwealth Secretariat,$c[1978]-
=300  \\$av. :$bill., ports. ;$c28 cm.
=310  \\$aQuarterly
=336  \\$atext$2rdacontent
=337  \\$aunmediated$2rdamedia
=338  \\$avolume$2rdacarrier
=362  0\$aApr. 1978-
=540  \\$aCurrent Copyright Fee: GBP25.00$c0$5Uk
=580  \\$aFormed by the union of: Commonwealth diary of coming events, and: Commonwealth record of recent events.
=595  \\$aFormerly 3339.670000 up to January (1978) also formerly 3341.101500 up to No. 24 (1977).
=651  \0$aCommonwealth of Nations$vPeriodicals.
=653  \\$aCommonwealth$aSerials
=710  2\$aCommonwealth Secretariat.
=780  14$tCommonwealth diary of coming events$x0309-0388
=780  14$tCommonwealth record of recent events$x0141-4755
=852  41$aBritish Library$bDSC$j3339.647000$3Apr. (1978)-no. 3 (2002)***Stock incomplete***UKRR Retained Title
=852  41$aBritish Library$bHMNTS$jBS.12/138$3[Issue 1]- ; Apr. 1978-
=945  \\$aCommonwealth currents
=959  \\$fHeld but not currently received
=963  \\$a1978-1993$bY$cRCS.PER.752
=985  \\$aResponsibility for ISSN transferred to the IC from ISSN UK, 29.10.08
=A02  \\$a2053149
=ACF  \\$aPrevious Copyright Fee: GBP12.00$c0$e01-apr-2012$fGBP12.00$g0$hC$5Uk
=ACF  \\$aPrevious Copyright Fee: GBP12.00$c0$e01-jan-2012$fGBP12.00$g0$hC$5Uk
=ACF  \\$aPrevious Copyright Fee: GBP10.50$c0$e01-oct-2011$fGBP10.50$g0$hC$5Uk
=ACF  \\$aPrevious Copyright Fee: GBP10.50$c0$e01-jul-2011$fGBP10.50$g0$hC$5Uk
=ACF  \\$aPrevious Copyright Fee: GBP10.50$c0$e01-apr-2011$fGBP10.50$g0$hC$5Uk
=ACF  \\$aPrevious Copyright Fee: GBP10.50$c0$e01-jan-2011$fGBP10.50$g0$hC$5Uk
=ACF  \\$aPrevious Copyright Fee: GBP9.00$c0$e01-oct-2010$fGBP9.00$g0$hC$5Uk
=ACF  \\$aPrevious Copyright Fee: GBP9.00$c0$e01-jul-2010$fGBP9.00$g0$hC$5Uk
=ACF  \\$aPrevious Copyright Fee: GBP9.00$c0$e01-apr-2010$fGBP9.00$g0$hC$5Uk
=ACF  \\$aPrevious Copyright Fee: GBP9.00$c0$e01-Jan-2010$fGBP9.00$g0$hC$5Uk
=ACF  \\$aPrevious Copyright Fee: GBP6.00$c0$e01-oct-2009$fGBP6.00$g0$hC$5Uk
=ACF  \\$aPrevious Copyright Fee: GBP6.00$c0$e01-jul-2009$fGBP6.00$g0$hC$5Uk
=ACF  \\$aPrevious Copyright Fee: GBP6.00$c0$e01-apr-2009$fGBP6.00$g0$hC$5Uk
=ACF  \\$aPrevious Copyright Fee: GBP6.00$c0$e01-jan-2009$fGBP6.00$g0$hC$5Uk
=ACF  \\$aPrevious Copyright Fee: GBP6.00$c0$e01-oct-2008$fGBP6.00$g0$hC$5Uk
=ACF  \\$aPrevious Copyright Fee: GBP6.00$c0$e01-jul-2008$fGBP6.00$g0$hC$5Uk
=ACF  \\$aPrevious Copyright Fee: GBP6.00$c0$e01-apr-2008$fGBP6.00$g0$hC$5Uk
=ACF  \\$aPrevious Copyright Fee: GBP6.00$c0$e01-jan-2008$fGBP6.00$g0$hC$5Uk
=ACF  \\$aPrevious Copyright Fee: GBP5.00$c0$e01-oct-2007$fGBP5.00$g0$hC$5Uk
=ACF  \\$aPrevious Copyright Fee: GBP5.00$c0$e01-jul-2007$fGBP5.00$g0$hC$5Uk
=ACF  \\$aPrevious Copyright Fee: GBP5.00$c0$e01-apr-2007$fGBP5.00$g0$hC$5Uk
=ACF  \\$aPrevious Copyright Fee: GBP5.00$c0$e01-jan-2007$fGBP5.00$g0$hC$5Uk
=ACF  \\$aPrevious Copyright Fee: GBP5.00$c0$e01-oct-2006$fGBP5.00$g0$hC$5Uk
=ACF  \\$aPrevious Copyright Fee: GBP5.00$c0$e01-jul-2006$fGBP5.00$g0$hC$5Uk
=ACF  \\$aPrevious Copyright Fee: GBP5.00$c0$e01-apr-2006$fGBP5.00$g0$hC$5Uk
=ACF  \\$aPrevious Copyright Fee: GBP5.00$c0$e01-jan-2006$fGBP5.00$g0$hC$5Uk
=ACF  \\$aPrevious Copyright Fee: GBP5.00$c0$e01-oct-2005$fGBP5.00$g0$hC$5Uk
=ACF  \\$aPrevious Copyright Fee: GBP5.00$c0$e01-jul-2005$fGBP5.00$g0$hC$5Uk
=ACF  \\$aPrevious Copyright Fee: GBP5.00$c0$e01-apr-2005$fGBP5.00$g0$hC$5Uk
=ACF  \\$aPrevious Copyright Fee: GBP5.00$c0$e01-jan-2005$fGBP5.00$g0$hC$5Uk
=ACF  \\$aPrevious Copyright Fee: GBP5.00$c0$e01-oct-2004$fGBP5.00$g0$hC$5Uk
=ACF  \\$aPrevious copyright fee: GBP5.00$c0$e02-sep-1998$fGBP5.00$g0$hC$5Uk
=ACF  \\$aCurrent copyright fee: GBP4.60$c0$e01-oct-1997$fGBP4.60$g0$hC$5Uk
=ACF  \\$aCurrent copyright fee: GBP2.30$c0$e01-apr-1997$fGBP2.30$g0$hC$5Uk
=ACF  \\$aPrevious Copyright Fee: GBP12.00$c0$e01-jul-2012$fGBP12.00$g0$hC$5Uk
=ACF  \\$aPrevious Copyright Fee: GBP12.00$c0$e01-oct-2012$fGBP12.00$g0$hC$5Uk
=ACF  \\$aPrevious Copyright Fee: GBP12.30$c0$e01-jan-2014$fGBP12.30$g0$hC$5Uk
=ACF  \\$aPrevious Copyright Fee: GBP15.00$c0$e01-jan-2017$fGBP15.00$g0$hC$5Uk
=ACF  \\$aPrevious Copyright Fee: GBP17.50$c0$e01-jan-2018$fGBP17.50$g0$hC$5Uk
=ACF  \\$aPrevious Copyright Fee: GBP20.00$c0$e01-jan-2020$fGBP20.00$g0$hC$5Uk
=ACF  \\$aPrevious Copyright Fee: GBP22.50$c0$e01-jan-2021$fGBP22.50$g0$hC$5Uk
=CAT  \\$aCONV$b00$c20040425$lBLL90$h0724
=CAT  \\$aIPL-CLA$c20110630$lBLL01$h1528
=CAT  \\$aBATCH-CLA$b00$c20110831$lBLL01$h1737
=CAT  \\$aIPL-CLA$c20110930$lBLL01$h1530
=CAT  \\$aBATCH-CLA$b00$c20111130$lBLL01$h1209
=CAT  \\$aIPL-CLA$c20111230$lBLL01$h1856
=CAT  \\$aBATCH-CLA$b00$c20120229$lBLL01$h1620
=CAT  \\$aIPL-CLA$c20120330$lBLL01$h1416
=CAT  \\$aBATCH-CLA$b00$c20120531$lBLL01$h1706
=CAT  \\$aIPL-CLA$c20120629$lBLL01$h1014
=CAT  \\$aBATCH-CLA$b00$c20120831$lBLL01$h1525
=CAT  \\$aIPL-CLA$c20120930$lBLL01$h2044
=CAT  \\$aBATCH-CLA$b00$c20121107$lBLL01$h1918
=CAT  \\$aBATCH-CLA$b00$c20131129$lBLL01$h1636
=CAT  \\$aIPL-CLA$c20131231$lBLL01$h2138
=CAT  \\$aWR14_140$c20140905$lBLL01$h1743
=CAT  \\$aBATCH-CLA$b00$c20161130$lBLL01$h1633
=CAT  \\$aIPL-CLA$c20161230$lBLL01$h1950
=CAT  \\$aBATCH-CLA$b00$c20171130$lBLL01$h1702
=CAT  \\$aIPL-CLA$c20171231$lBLL01$h1522
=CAT  \\$aBATCH-CLA$b00$c20191129$lBLL01$h1625
=CAT  \\$aIPL-CLA$c20191231$lBLL01$h1834
=CAT  \\$aBATCH-CLA$b00$c20201126$lBLL01$h1411
=CAT  \\$aIPL-CLA$c20201231$lBLL01$h2045
=CAT  \\$aBATCH-CLA$b00$c20221130$lBLL01$h1438
=CAT  \\$aIPL-CLA$c20221231$lBLL01$h1953
=CAT  \\$aBATCH-CLA$b00$c20230209$lBLL01$h1525
=CAT  \\$aIPL-CLA$c20230210$lBLL01$h0054
=CFI  0\$aCurrent Copyright Fee: GBP25.00$c0$e09-feb-2023$fGBP25.00$g0$hC$5Uk
=CFI  2\$aBritish Library not licensed to copy$c0$e01-jan-2023$hC$iCFP Excluded$5Uk
=FIN  \\$aY
=FMT  \\$a  SE
=LAS  \\$aIPL-CLA$b00$c20230210$lBLL01$h0054
=LEO  \\$aMP5.0000495211
=LEO  \\$aMP10.0000156781
=LEO  \\$aMP13.0000248329
=LEO  \\$aMP22.0000005004
=SRC  \\$aBNB03$bbibmp5.200404.2.aa
=SRC  \\$aDSS01$bbibmp10.200404.2.aa
=SRC  \\$aHSS01$bbibmp13.200404.2.aa
=SRC  \\$aISN01$bbibmp22.200404.2.aa
=TCO  \\$aCLA$bCLA$c008

