=LDR  06968cas a2201537 a 4500
=001  010544668
=003  Uk
=005  20211231153935.0
=007  ta
=008  781214c19789999ne\br\p\\\\\\\0\\\a0eng\\
=015  \\$aGB7919275$2bnb
=019  0\$as500132003
=019  y\$aB7919275
=019  9\$ab7919275
=019  c\$a2094144
=019  1\$ab7919275
=022  0\$a0141-8955
=040  \\$aUk$beng$cUk$dUk
=042  \\$aukblsr
=082  04$a616.39042$221
=084  \\$aGU 54$2blsrissc
=084  \\$aGU 05$2blsrissc
=210  0\$aJ. inherit. metab. dis.
=222  \0$aJournal of inherited metabolic disease
=245  00$aJournal of inherited metabolic disease.
=246  30$aInherited metabolic disease
=246  13$aJIMD
=260  \\$aLancaster :$bM.T.P. Press for the Society for the Study of Inborn Errors of Metabolism,$c[1978]-
=264  31$aDordrecht, The Netherlands :$bSpringer
=300  \\$av. :$bill. ;$c30 cm.
=310  \\$aSix no. a year,$b2004-
=321  \\$aQuarterly,$b1978-1989
=321  \\$aSix no. a year,$b1990-1997
=321  \\$aEight no. a year,$b1998-<2003>
=336  \\$atext$2rdacontent
=337  \\$aunmediated$2rdamedia
=338  \\$avolume$2rdacarrier
=362  1\$aBegan in 1978.
=510  2\$aChemical abstracts,$x0009-2258
=540  \\$aCurrent copyright fee: GBP39.00$c35\0$5Uk
=550  \\$aPublished for the Society for the Study of Inborn Errors of Metabolism.
=588  \\$aLatest issue consulted: volume 39, number 2 (March 2016).
=595  \\$aSee also card index.
=650  \0$aMetabolism, Inborn errors of$vPeriodicals.
=710  2\$aSociety for the Study of Inborn Errors of Metabolism.
=776  08$iAlso issued online as:$tJournal of inherited metabolic disease$x1573-2665
=787  0\$tJIMD reports$x2192-8304
=852  41$aBritish Library$bHMNTS$jDZK.9.x.111$3Vol. 24, no. 1 (Feb. 2001)-v.41, no. 6 (Nov. 2018)
=852  41$aBritish Library$bDSC$j5006.950000$3Vol. 1, no. 1 (1978)-v. 33, no. 6 (2010)***UKRR Retained Title
=852  71$aBritish Library$bSTI$k(P)$hGU 54$m-E(3)$2blsrissc$3Vol. 1 (1978)-v. 23, no. 8 (2000).
=856  \\$31850-9999$uhttp://www.springer.com/gb/$xBLDSS
=945  \\$aJournal of inherited metabolic disease.
=959  \\$fHeld but not currently received
=963  \\$aCA/M-7 1978-$bN
=985  \\$aRecord merged by DQ team
=985  \\$aResponsibility for ISSN held by ISSN Netherlands (M.T.P. Press part of Kluwer) 14/07/06
=A02  \\$a2094144
=ACF  \\$aPrevious copyright fee: GBP21.25$c13\1$e01-jan-2009$fGBP21.25$g0$hP$5Uk
=ACF  \\$aPrevious copyright fee: GBP16.75$c13\1$e01-jan-2007$fGBP16.75$g0$hP$5Uk
=ACF  \\$aPrevious copyright fee: GBP16.22$c13\1$e01-oct-2006$fGBP16.22$g0$hP$5Uk
=ACF  \\$aPrevious copyright fee: GBP17.14$c13\1$e01-apr-2006$fGBP17.14$g0$hP$5Uk
=ACF  \\$aPrevious copyright fee: GBP16.67$c13\1$e01-jan-2006$fGBP16.67$g0$hP$5Uk
=ACF  \\$aPrevious copyright fee: GBP16.22$c13\1$e01-apr-2005$fGBP16.22$g0$hP$5Uk
=ACF  \\$aPrevious copyright fee: GBP16.67$c13\1$e01-jan-2005$fGBP16.67$g0$hP$5Uk
=ACF  \\$aPrevious copyright fee: GBP13.51$c13\1$e01-apr-2004$fGBP13.51$g0$hP$5Uk
=ACF  \\$aCurrent copyright fee: GBP14.71$c13\1$e01-jan-2004$fGBP14.71$g0$hP$5Uk
=ACF  \\$aCurrent copyright fee: GBP15.63$c13\1$e01-jan-2003$fGBP15.63$g0$hP$5Uk
=ACF  \\$aPrevious copyright fee: GBP22.00$c13\1$e01-apr-2009$fGBP22.00$g0$hP$5Uk
=ACF  \\$aPrevious copyright fee: GBP22.00$c13\1$e12-aug-2012$fGBP22.00$g0$hP$5Uk
=ACF  \\$aPrevious copyright fee: GBP25.00$c13\1$e01-jan-2013$fGBP25.00$g0$hP$5Uk
=ACF  \\$aPrevious copyright fee: GBP25.77$c13\1$e01-jul-2013$fGBP25.77$g0$hP$5Uk
=ACF  \\$aPrevious copyright fee: GBP24.97$c13\1$e01-jan-2014$fGBP24.97$g0$hP$5Uk
=ACF  \\$aPrevious copyright fee: GBP24.21$c13\1$e01-jul-2014$fGBP24.21$g0$hP$5Uk
=ACF  \\$aPrevious copyright fee: GBP25.77$c13\1$e01-apr-2015$fGBP25.77$g0$hP$5Uk
=ACF  \\$aPrevious copyright fee: GBP26.63$c13\1$e01-jul-2015$fGBP26.63$g0$hP$5Uk
=ACF  \\$aPrevious copyright fee: GBP25.77$c13\1$e01-oct-2015$fGBP25.77$g0$hP$5Uk
=ACF  \\$aPrevious copyright fee: GBP27.55$c13\1$e01-apr-2016$fGBP27.55$g0$hP$5Uk
=ACF  \\$aPrevious copyright fee: GBP29.59$c13\1$e01-oct-2016$fGBP29.59$g0$hP$5Uk
=ACF  \\$aPrevious copyright fee: GBP31.96$c13\1$e01-apr-2017$fGBP31.96$g0$hP$5Uk
=ACF  \\$aPrevious copyright fee: GBP30.73$c13\1$e01-oct-2017$fGBP30.73$g0$hP$5Uk
=ACF  \\$aPrevious copyright fee: GBP28.54$c13\1$e01-apr-2018$fGBP28.54$g0$hP$5Uk
=ACF  \\$aPrevious Copyright Fee: GBP17.50$c0$e01-jan-2019$fGBP17.50$g0$hA$5Uk
=ACF  \\$aPrevious copyright fee: GBP34.00$c22\1$e01-jul-2018$fGBP34.00$g0$hP$5Uk
=ACF  \\$aPrevious Copyright Fee: GBP28.00$c35\0$e16-jan-2019$fGBP28.00$g0$hP$5Uk
=CAT  \\$aCONV$b00$c20040425$lBLL90$h0724
=CAT  \\$aIPL-CLA$c20160331$lBLL01$h1713
=CAT  \\$aBATCH-UPD$b00$c20160524$lBLL01$h2155
=CAT  \\$aBATCH-UPD$b00$c20160524$lBLL01$h2239
=CAT  \\$aBATCH-UPD$b00$c20160824$lBLL01$h1714
=CAT  \\$aIPL-CLA$c20160930$lBLL01$h1553
=CAT  \\$aBATCH-UPD$b00$c20170216$lBLL01$h1801
=CAT  \\$aIPL-CLA$c20170331$lBLL01$h1836
=CAT  \\$aBATCH-UPD$b00$c20170904$lBLL01$h1802
=CAT  \\$aIPL-CLA$c20170929$lBLL01$h1719
=CAT  \\$aBATCH-UPD$b00$c20180223$lBLL01$h1618
=CAT  \\$aIPL-CLA$c20180331$lBLL01$h1609
=CAT  \\$aBATCH-UPD$b00$c20180524$lBLL01$h1652
=CAT  \\$aIPL-CLA$c20180630$lBLL01$h1911
=CAT  \\$a5552$b40$c20181214$lBLL01$h1409
=CAT  \\$aIPL-CLA$c20181231$lBLL01$h1537
=CAT  \\$a5552$b40$c20190116$lBLL01$h0911
=CAT  \\$a8124$b40$c20191105$lBLL01$h1133
=CAT  \\$a8124$b40$c20191105$lBLL01$h1150
=CAT  \\$a8124$b40$c20191105$lBLL01$h1235
=CAT  \\$a8124$b40$c20191112$lBLL01$h1429
=CAT  \\$aR1911-0245$c20191127$lBLL01$h0822
=CAT  \\$aR1911-0245$c20191127$lBLL01$h1044
=CAT  \\$aIPL-CLA$c20191231$lBLL01$h1834
=CAT  \\$aW2111-0842$c20211208$lBLL01$h1941
=CAT  \\$aIPL-CLA$c20211231$lBLL01$h1539
=CFI  0\$aCurrent copyright fee: GBP39.00$c35\0$e01-jan-2022$fGBP39.00$g0$hP$5Uk
=CFI  2\$aPrevious Copyright Fee: GBP32.00$c35\0$e01-jan-2020$fGBP32.00$g0$hP$5Uk
=EST  \\$a2
=FFP  \\$aY$bBLDSS-3PM
=FIN  \\$aY
=FMT  \\$a  SE
=LAS  \\$aIPL-CLA$b00$c20211231$lBLL01$h1539
=LEO  \\$aMP25.0000190527
=LEO  \\$aMP5.0000500831
=LEO  \\$aMP10.0000322593
=LEO  \\$aMP13.0000252414
=LEO  \\$aMP22.0000005045
=LKR  \\$aPAR$b018431242$lBLL01$nJIMD reports$mJournal of inherited metabolic disease$r787
=SRC  \\$aSRI01$bbibmp25.200404.2.aa
=SRC  \\$aBNB03$bbibmp5.200404.2.aa
=SRC  \\$aDSS01$bbibmp10.200404.2.aa
=SRC  \\$aHSS01$bbibmp13.200404.2.aa
=SRC  \\$aISN01$bbibmp22.200404.2.aa
=TCO  \\$aCLA$bCLA$c008
=TOC  \\$aETOC
=UNO  \\$aY

