=LDR  04440cas a2201129 a 4500
=001  010547334
=003  Uk
=005  20221231195336.0
=007  ta
=008  800820d19742002enkqr\p\\\\\\\0\\\a0eng\\
=015  \\$aGB8014358$2bnb
=019  y\$aB8014358
=019  9\$ab8014358
=019  c\$a2242989
=019  1\$ab8014358
=022  0\$a0143-8514$z0958-2819
=040  \\$aUk$cUk$dUk
=050  00$aBV2000
=082  04$a266.005$218
=210  0\$aThink. mission
=222  \0$aThinking mission
=245  00$aThinking mission.
=260  \\$aLondon :$bUnited Society for the Propagation of the Gospel,$c-2002.
=300  \\$a114 v. ;$c22 cm.
=310  \\$aQuarterly
=336  \\$atext$2rdacontent
=337  \\$aunmediated$2rdamedia
=338  \\$avolume$2rdacarrier
=362  0\$a[No. 1]-Oct. 2002.
=540  \\$aCurrent Copyright Fee: GBP25.00$c0$5Uk
=580  \\$aBased on themes selected from 'International review of mission'.
=595  \\$aCONTD AS 7785.50985N.
=650  \0$aMissions$vPeriodicals.
=653  \\$aChristian missions$aSerials
=710  2\$aUnited Society for the Propagation of the Gospel.
=730  0\$aRethinking mission,$x1479-7984.
=785  00$tRethinking mission$x1479-7984
=787  0\$tInternational review of mission$x0020-8582
=852  41$aBritish Library$bHMNTS$jP.101/934$3Holdings : 16, Autumn 1977, etc
=886  2\$2blmarc$a092$b00$a8820.135000n
=945  \\$aTHINKING MISSION.
=957  \\$a791123c
=963  \\$a25, 1979- *A=1$bN$cL165.C.227
=979  \\$aBritish Library$bDSC$j8820.135000N
=985  \\$aResponsibility for ISSN transferred to IC from ISSN UK Centre, 02.02.07
=A02  \\$a2242989
=ACF  \\$aPrevious copyright fee: GBP9.00$c0$e01-apr-2010$fGBP9.00$g0$hA$5Uk
=ACF  \\$aPrevious copyright fee: GBP6.00$c0$e01-apr-2008$fGBP6.00$g0$hA$5Uk
=ACF  \\$aPrevious copyright fee: GBP5.00$c0$e01-jul-2002$fGBP5.00$g0$hA$5Uk
=ACF  \\$aCurrent copyright fee: GBP4.40$c0$e01-jul-1998$fGBP4.40$g0$hA$5Uk
=ACF  \\$aCurrent copyright fee: GBP4.20$c0$e01-apr-1997$fGBP4.20$g0$hA$5Uk
=ACF  \\$aPrevious copyright fee: GBP10.50$c0$e01-jan-2011$fGBP10.50$g0$hA$5Uk
=ACF  \\$aPrevious copyright fee: GBP12.00$c0$e01-jan-2012$fGBP12.00$g0$hA$5Uk
=ACF  \\$aPrevious Copyright Fee: GBP12.30$c0$e01-jan-2014$fGBP12.30$g0$hA$5Uk
=ACF  \\$aPrevious Copyright Fee: GBP15.00$c0$e01-jan-2017$fGBP15.00$g0$hA$5Uk
=ACF  \\$aPrevious Copyright Fee: GBP17.50$c0$e01-jan-2018$fGBP17.50$g0$hA$5Uk
=ACF  \\$aPrevious Copyright Fee: GBP20.00$c0$e01-jan-2020$fGBP20.00$g0$hA$5Uk
=CAT  \\$aWR09-126
=CAT  \\$aBATCH-UPD$b00$c20100331$lBLL01$h2226
=CAT  \\$aBATCH-UPD$b00$c20100401$lBLL01$h0157
=CAT  \\$aBATCH$b00$c20100401$lBLL01$h0459
=CAT  \\$aBATCH$b00$c20100401$lBLL01$h1523
=CAT  \\$aBATCH-UPD$b00$c20101124$lBLL01$h1856
=CAT  \\$aBATCH-UPD$b00$c20101125$lBLL01$h1118
=CAT  \\$aIPL-CLA$c20101231$lBLL01$h1357
=CAT  \\$aWR11_203$c20111204$lBLL01$h1418
=CAT  \\$aIPL-CLA$c20111230$lBLL01$h1857
=CAT  \\$aBATCH-CLA$b00$c20121107$lBLL01$h1918
=CAT  \\$aWR13.005$c20130323$lBLL01$h1207
=CAT  \\$aBATCH-CLA$c20131219$lBLL01$h1822
=CAT  \\$aIPL-CLA$c20131231$lBLL01$h2139
=CAT  \\$aWR14_140$c20140905$lBLL01$h1744
=CAT  \\$aBATCH-CLA$b00$c20161222$lBLL01$h1737
=CAT  \\$aIPL-CLA$c20161230$lBLL01$h1951
=CAT  \\$aBATCH-CLA$b00$c20171222$lBLL01$h2042
=CAT  \\$aIPL-CLA$c20171231$lBLL01$h1522
=CAT  \\$aBATCH-CLA$b00$c20191219$lBLL01$h1703
=CAT  \\$aIPL-CLA$c20191231$lBLL01$h1834
=CAT  \\$aR2001-1524$c20200127$lBLL01$h1946
=CAT  \\$aBATCH-CLA$b00$c20201204$lBLL01$h1501
=CAT  \\$aIPL-CLA$c20201231$lBLL01$h2045
=CAT  \\$aBATCH-CLA$b00$c20221221$lBLL01$h1807
=CAT  \\$aIPL-CLA$c20221231$lBLL01$h1953
=CFI  0\$aCurrent Copyright Fee: GBP25.00$c0$e01-jan-2023$fGBP25.00$g0$hA$5Uk
=CFI  2\$aPrevious Copyright Fee: GBP22.50$c0$e01-jan-2021$fGBP22.50$g0$hA$5Uk
=FIN  \\$aY
=FMT  \\$a  SE
=LAS  \\$aIPL-CLA$b00$c20221231$lBLL01$h1953
=LEO  \\$aMP5.0000505614
=LEO  \\$aMP10.0000576394
=LEO  \\$aMP13.0000255332
=LEO  \\$aMP22.0000006909
=SRC  \\$aBNB03$bbibmp5.200404.2.aa
=SRC  \\$aDSS01$bbibmp10.200404.2.aa
=SRC  \\$aHSS01$bbibmp13.200404.2.aa
=SRC  \\$aISN01$bbibmp22.200404.2.aa
=TCO  \\$aCLA$bCLA$c008

