=LDR  04267 as a2201081 a 4500
=001  010548810
=003  Uk
=005  20191231183426.0
=007  ta
=008  800430c19809999enkmu\p\\\\\\\0\\\a0eng\\
=015  \\$aGB8029980$2bnb
=019  y\$aB8029980
=019  9\$ab8029980
=019  c\$a2160960
=019  1\$ab8029980
=022  0\$a0143-2095
=040  \\$aUk$cUk$dUk
=050  00$aHD30.28
=082  04$a658.401205$219
=210  0\$aStrateg. manage. j.
=222  \0$aStrategic management journal
=245  00$aStrategic management journal.
=246  03$aSMJ
=260  \\$aChichester :$bWiley,$c1980 -
=300  \\$av. ;$c25 cm.
=310  \\$aMonthly
=336  \\$atext$2rdacontent
=337  \\$aunmediated$2rdamedia
=338  \\$avolume$2rdacarrier
=362  0\$aVol. 1, no. 1 (Jan./Mar. 1980)-
=540  \\$aCurrent Copyright Fee: GBP39.00$c35\0$5Uk
=650  \0$aStrategic planning$vPeriodicals.
=690  7\$aManagement and Business Studies$2blcoll
=776  0\$tStrategic management journal (Online)$x1097-0266
=852  41$aBritish Library$bHMNTS$jP.521/3387$3Vol. 1, no. 1 (1980)-v. 34, no. 6 (2013)***title now taken as electronic copy only
=852  41$aBritish Library$bDSC$j8474.031460$3Vol. 1 (1980)-v. 34 (2013)***UKRR Retained Title
=856  \\$31850-9999$uhttp://onlinelibrary.wiley.com/$xBLDSS
=945  \\$aStrategic management journal.
=959  \\$fHeld but not currently received
=963  \\$aVOL. 1, 1980- *A=1$bN$cP425.B.172
=985  \\$aISSN responsibility held by ISSN US Centre (Multinational publisher agreement)
=A02  \\$a2160960
=ACF  \\$aPrevious Copyright Fee: GBP20.00$c0$e01-jan-2005$fGBP20.00$g0$hC$5Uk
=ACF  \\$aPrevious Copyright Fee: GBP20.00$c0$e01-oct-2004$fGBP20.00$g0$hC$5Uk
=ACF  \\$aPrevious copyright fee: GBP20.00$c0$e01-oct-2001$fGBP20.00$g0$hC$5Uk
=ACF  \\$aCurrent copyright fee: GBP12.00$c0$e01-apr-1997$fGBP12.00$g0$hC$5Uk
=ACF  \\$aPrevious Copyright Fee: GBP17.00$c35\0$e01-apr-2005$fGBP17.00$g0$hP$5Uk
=ACF  \\$aPrevious copyright fee: GBP22.00$c35\0$e01-jan-2011$fGBP22.00$g0$hP$5Uk
=ACF  \\$aPrevious copyright fee: GBP24.00$c35\0$e01-mar-2015$fGBP24.00$g0$hP$5Uk
=CAT  \\$aCONV$b00$c20040425$lBLL90$h0724
=CAT  \\$aBATCH$b00$c20090619$lBLL01$h1826
=CAT  \\$aBATCH$b00$c20091210$lBLL01$h0222
=CAT  \\$aBATCH$b00$c20091214$lBLL01$h0554
=CAT  \\$aBATCH$b00$c20091216$lBLL01$h0148
=CAT  \\$aBATCH-UPD$b00$c20101116$lBLL01$h1334
=CAT  \\$aIPL-CLA$c20101231$lBLL01$h1357
=CAT  \\$aBATCH-UPD$b00$c20120614$lBLL01$h2123
=CAT  \\$aBATCH-CLA$b00$c20121107$lBLL01$h1918
=CAT  \\$aWR12_168$c20121206$lBLL01$h1812
=CAT  \\$a8874$b40$c20130312$lBLL01$h0740
=CAT  \\$aWR13.005$c20130323$lBLL01$h1208
=CAT  \\$aBATCH-CLA$b00$c20140125$lBLL01$h1316
=CAT  \\$aBATCH-CLA$c20140225$lBLL01$h2317
=CAT  \\$aWR14_140$c20140905$lBLL01$h1744
=CAT  \\$aBLDSS-3PM$b00$c20141214$lBLL01$h1520
=CAT  \\$aBATCH-UPD$b00$c20150215$lBLL01$h1653
=CAT  \\$aIPL-CLA$c20150228$lBLL01$h2044
=CAT  \\$aBATCH-UPD$b00$c20160413$lBLL01$h1811
=CAT  \\$aBATCH-UPD$b00$c20160527$lBLL01$h0837
=CAT  \\$aBATCH-UPD$b00$c20180219$lBLL01$h1742
=CAT  \\$aBATCH-UPD$b00$c20181121$lBLL01$h1619
=CAT  \\$aIPL-CLA$c20181231$lBLL01$h1537
=CAT  \\$aR1911-0245$c20191127$lBLL01$h0945
=CAT  \\$aR1911-0245$c20191127$lBLL01$h1044
=CAT  \\$aIPL-CLA$c20191231$lBLL01$h1834
=CFI  0\$aCurrent Copyright Fee: GBP39.00$c35\0$e01-jan-2020$fGBP39.00$g0$hP$5Uk
=CFI  2\$aPrevious copyright fee: GBP28.00$c35\0$e01-jan-2019$fGBP28.00$g0$hP$5Uk
=FFP  \\$aY$bBLDSS-3PM
=FIN  \\$aY
=FMT  \\$a  SE
=LAS  \\$aIPL-CLA$b00$c20191231$lBLL01$h1834
=LEO  \\$aMP5.0000508727
=LEO  \\$aMP10.0000553293
=LEO  \\$aMP13.0000256909
=LEO  \\$aMP22.0000006291
=LKR  \\$aPAR$b013342238$lBLL01$r776$mStrategic management journal$nStrategic management journal (Online)
=SRC  \\$aBNB03$bbibmp5.200404.2.aa
=SRC  \\$aDSS01$bbibmp10.200404.2.aa
=SRC  \\$aHSS01$bbibmp13.200404.2.aa
=SRC  \\$aISN01$bbibmp22.200404.2.aa
=TCO  \\$aCLA$bCLA$c008
=TOC  \\$aETOC
=UNO  \\$aY

