=LDR  04582cas a2201141 a 4500
=001  010551054
=003  Uk
=005  20221231195349.0
=007  ta
=008  801016c19809999ie\ar\\\\\\\\\0\\\a0eng\\
=015  \\$aGB8104438$2bnb
=019  y\$aB8104438
=019  9\$ab8104438
=019  c\$a2088156
=019  1\$ab8104438
=022  0\$a0260-2067
=039  0\$a1624
=040  \\$aUk$cUk$dUk
=043  \\$aee-----
=050  00$aDJK24
=082  04$a947.0005$219
=210  0\$aIr. slav. stud.
=222  \0$aIrish slavonic studies
=245  00$aIrish Slavonic studies :$bthe journal of the Irish Slavists' Association.
=246  13$aISS. Irish slavonic studies
=260  \\$aBelfast :$bIrish Slavists' Association,$c1980-
=260  3\$31988-$aDublin :$bIARCEES
=300  \\$av. :$bports. ;$c21 cm.
=310  \\$aAnnual
=336  \\$atext$2rdacontent
=337  \\$aunmediated$2rdamedia
=338  \\$avolume$2rdacarrier
=362  0\$aNo. 1 (1980)-
=500  \\$aVol. numbered 22 (2004) is a "special issue" and also has the distinctive title: Stalin.
=515  \\$aNo issues published 2001-2003 and 2005-2010.
=540  \\$aCurrent Copyright Fee: GBP25.00$c0$5Uk
=588  \\$aLatest issue consulted: 23 (2011).
=651  \0$aEurope, Eastern$xCivilization$vPeriodicals.
=710  2\$31980-1993$aIrish Slavists' Association,
=710  2\$31994-$aIrish Association for Russian and East European Studies,
=740  02$aStalin.
=852  41$aBritish Library$bHMNTS$jZC.9.a.5026
=852  41$aBritish Library$bDSC$j4574.745000$3Number 1 (1980)-Number 21 (2000)
=852  41$aBritish Library$bHMNTS$jP.971/433$3Issue 17 (1996), issue 23 (2011)-Issue 25(2013)
=945  \\$aIrish slavonic studies
=959  \\$fHeld but not currently received
=963  \\$aNo. 1 (1980)-$bY$cP701:6.C.86
=985  \\$aResponsibility for ISSN transferred to the Irish ISSN Centre from the ISSN UK Centre, 03/02/12.
=A02  \\$a2088156
=ACF  \\$aPrevious copyright fee: GBP5.00$c0$e01-jul-2002$fGBP5.00$g0$hC$5Uk
=ACF  \\$aCurrent copyright fee: GBP2.50$c0$e01-jul-1998$fGBP2.50$g0$hC$5Uk
=ACF  \\$aCurrent copyright fee: GBP2.30$c0$e01-apr-1997$fGBP2.30$g0$hC$5Uk
=ACF  \\$aPrevious copyright fee: GBP10.50$c0$e01-jan-2011$fGBP10.50$g0$hA$5Uk
=ACF  \\$aPrevious copyright fee: GBP12.00$c0$e01-jan-2012$fGBP12.00$g0$hA$5Uk
=ACF  \\$aPrevious Copyright Fee: GBP12.30$c0$e01-jan-2014$fGBP12.30$g0$hA$5Uk
=ACF  \\$aPrevious Copyright Fee: GBP15.00$c0$e01-jan-2017$fGBP15.00$g0$hA$5Uk
=ACF  \\$aPrevious Copyright Fee: GBP17.50$c0$e01-jan-2018$fGBP17.50$g0$hA$5Uk
=ACF  \\$aPrevious Copyright Fee: GBP20.00$c0$e01-jan-2020$fGBP20.00$g0$hA$5Uk
=CAT  \\$aCONV$b00$c20040425$lBLL90$h0724
=CAT  \\$aBATCH$b00$c20091216$lBLL01$h0148
=CAT  \\$aBATCH-UPD$b00$c20101201$lBLL01$h1234
=CAT  \\$aIPL-CLA$c20101231$lBLL01$h1357
=CAT  \\$a8323$b40$c20110420$lBLL01$h0951
=CAT  \\$aBATCH-UPD$b40$c20110926$lBLL01$h2024
=CAT  \\$aWR11_203$c20111204$lBLL01$h1418
=CAT  \\$aIPL-CLA$c20111230$lBLL01$h1857
=CAT  \\$a11315$b40$c20120202$lBLL01$h0937
=CAT  \\$a11315$b40$c20120203$lBLL01$h1530
=CAT  \\$aBATCH-CLA$b00$c20121107$lBLL01$h1918
=CAT  \\$aBATCH-CLA$c20131219$lBLL01$h1822
=CAT  \\$aIPL-CLA$c20131231$lBLL01$h2139
=CAT  \\$aBATCH-UPD$b00$c20151018$lBLL01$h0231
=CAT  \\$aBATCH-UPD$b00$c20161128$lBLL01$h0451
=CAT  \\$aBATCH-CLA$b00$c20161222$lBLL01$h1737
=CAT  \\$aIPL-CLA$c20161230$lBLL01$h1951
=CAT  \\$aBATCH-CLA$b00$c20171222$lBLL01$h2042
=CAT  \\$aIPL-CLA$c20171231$lBLL01$h1522
=CAT  \\$aBATCH-CLA$b00$c20191219$lBLL01$h1703
=CAT  \\$aIPL-CLA$c20191231$lBLL01$h1834
=CAT  \\$aR2001-1524$c20200127$lBLL01$h1946
=CAT  \\$aBATCH-CLA$b00$c20201204$lBLL01$h1501
=CAT  \\$aIPL-CLA$c20201231$lBLL01$h2046
=CAT  \\$aBATCH-CLA$b00$c20221221$lBLL01$h1807
=CAT  \\$aIPL-CLA$c20221231$lBLL01$h1953
=CFI  0\$aCurrent Copyright Fee: GBP25.00$c0$e01-jan-2023$fGBP25.00$g0$hA$5Uk
=CFI  2\$aPrevious Copyright Fee: GBP22.50$c0$e01-jan-2021$fGBP22.50$g0$hA$5Uk
=FIN  \\$aY
=FMT  \\$a  SE
=LAS  \\$aIPL-CLA$b00$c20221231$lBLL01$h1953
=LEO  \\$aMP5.0000512704
=LEO  \\$aMP10.0000303450
=LEO  \\$aMP13.0000259395
=LEO  \\$aMP22.0000008239
=SRC  \\$aBNB03$bbibmp5.200404.2.aa
=SRC  \\$aDSS01$bbibmp10.200404.2.aa
=SRC  \\$aHSS01$bbibmp13.200404.2.aa
=SRC  \\$aISN01$bbibmp22.200404.2.aa
=TCO  \\$aIRL$bICLA$c008

