=LDR  05629cas a2201273 a 4500
=001  010551068
=003  Uk
=005  20230930080453.0
=007  ta
=008  790228c19769999enkqr\p\\\\\\\0\\\a0eng\\
=015  \\$aGB8104490$2bnb
=019  y\$aB8104490
=019  9\$ab8104490
=019  c\$a2098525
=019  1\$ab8104490
=022  0\$a0142-6397
=039  0\$a1624
=040  \\$aUk$cUk$dUk
=082  04$a719.05$219
=210  0\$aLandsc. res.
=222  \0$aLandscape research
=245  00$aLandscape research.
=260  \\$aManchester :$bLandscape Research Group,$c1976-
=264  31$aAbingdon, Oxfordshire :$bRoutledge, Taylor & Francis Group
=300  \\$av. :$bill. ;$c30 cm.
=310  \\$aQuarterly,$b2001-
=321  \\$aThree times a year,$b-2000
=336  \\$atext$2rdacontent
=337  \\$aunmediated$2rdamedia
=338  \\$avolume$2rdacarrier
=362  0\$aVol. 2, no. 1 (autumn 1976)-
=500  \\$aDescription based on: Vol. 3, no. 3 (autumn 1978)
=540  \\$aCurrent copyright fee: GBP37.00$c2\0$5Uk
=588  \\$aLatest issue consulted: volume 38, number 3 (June 2013).
=595  \\$aFORMERLY 5153.148 UP TO VOL. 1, 1976 SEE ALSO SERIAL RECORDS USC AND CARD INDEX.
=650  \0$aLandscape$vPeriodicals.
=710  2\$aLandscape Research Group (Great Britain)
=776  0\$tLandscape research (Online)$x1469-9710
=780  00$tLandscape research news$x0458-7014
=852  41$aBritish Library$bDSC$j5153.147700$3Vol. 2, no. 1 (1976)-v. 36, no. 6 (2011)***UKRR Retained Title
=852  41$aBritish Library$bHMNTS$jP.313/520$3Vol. 3, no. 2 (spring 1978)-v. 40, no. 8 (2015)***title now taken as electronic copy only
=856  \\$31850-9999$uhttp://www.tandfonline.com/$xBLDSS
=945  \\$aLANDSCAPE RESEARCH.
=959  \\$fHeld but not currently received
=963  \\$aVOL. 2, 1976- *A=1$bN$cL437.B.198
=985  \\$aISSN responsibility taken by US ISSN Center (multinational publisher), August 21 2013.
=A02  \\$a2098525
=ACF  \\$aPrevious copyright fee: GBP17.00$c1\0$e01-jan-2010$fGBP17.00$g0$hP$5Uk
=ACF  \\$aPrevious copyright fee: GBP16.00$c1\0$e01-jan-2009$fGBP16.00$g0$hP$5Uk
=ACF  \\$aPrevious copyright fee: GBP15.00$c1\0$e01-apr-2008$fGBP15.00$g0$hP$5Uk
=ACF  \\$aPrevious copyright fee: GBP16.00$c1\0$e01-jan-2007$fGBP16.00$g0$hP$5Uk
=ACF  \\$aPrevious copyright fee: GBP13.00$c1\0$e01-jan-2005$fGBP13.00$g0$hP$5Uk
=ACF  \\$aPrevious copyright fee: GBP11.00$c1\0$e01-jan-2004$fGBP11.00$g0$hP$5Uk
=ACF  \\$aCurrent copyright fee: GBP10.00$c1\0$e01-apr-2002$fGBP10.00$g0$hP$5Uk
=ACF  \\$aCurrent copyright fee: GBP9.00$c1\0$e01-jan-2000$fGBP9.00$g0$hP$5Uk
=ACF  \\$aPrevious copyright fee: GBP21.00$c1\0$e01-jan-2011$fGBP21.00$g0$hP$5Uk
=ACF  \\$aPrevious copyright fee: GBP23.00$c1\0$e01-jan-2012$fGBP23.00$g0$hP$5Uk
=ACF  \\$aPrevious copyright fee: GBP23.50$c1\0$e01-jan-2013$fGBP23.50$g0$hP$5Uk
=ACF  \\$aPrevious copyright fee: GBP24.00$c1\0$e01-jan-2014$fGBP24.00$g0$hP$5Uk
=ACF  \\$aPrevious copyright fee: GBP25.00$c1\0$e01-jan-2015$fGBP25.00$g0$hP$5Uk
=ACF  \\$aPrevious copyright fee: GBP26.00$c1\0$e01-jan-2016$fGBP26.00$g0$hP$5Uk
=ACF  \\$aPrevious copyright fee: GBP28.00$c1\0$e01-jan-2017$fGBP28.00$g0$hP$5Uk
=ACF  \\$aPrevious copyright fee: GBP30.00$c1\0$e01-jan-2018$fGBP30.00$g0$hP$5Uk
=ACF  \\$aPrevious copyright fee: GBP32.00$c1\0$e01-jan-2019$fGBP32.00$g0$hP$5Uk
=ACF  \\$aPrevious copyright fee: GBP34.00$c1\0$e01-jan-2020$fGBP34.00$g0$hP$5Uk
=ACF  \\$aPrevious copyright fee: GBP35.00$c1\0$e01-jan-2021$fGBP35.00$g0$hP$5Uk
=CAT  \\$aWR09-126
=CAT  \\$aBATCH-CLA$b00$c20140125$lBLL01$h1319
=CAT  \\$aBATCH-CLA$c20140225$lBLL01$h2317
=CAT  \\$aWR14_140$c20140905$lBLL01$h1744
=CAT  \\$aBATCH-UPD$b00$c20141124$lBLL01$h1741
=CAT  \\$aBLDSS-3PM$b00$c20141130$lBLL01$h1247
=CAT  \\$aIPL-CLA$c20141231$lBLL01$h1647
=CAT  \\$aBATCH-UPD$b00$c20151119$lBLL01$h1520
=CAT  \\$aIPL-CLA$c20151231$lBLL01$h1914
=CAT  \\$a11315$b40$c20160209$lBLL01$h0918
=CAT  \\$aBATCH-UPD$b40$c20160413$lBLL01$h1811
=CAT  \\$aBATCH-UPD$b40$c20161122$lBLL01$h1443
=CAT  \\$aBATCH-UPD$b40$c20161122$lBLL01$h1446
=CAT  \\$aIPL-CLA$c20161230$lBLL01$h1951
=CAT  \\$aBATCH-UPD$b00$c20171121$lBLL01$h1623
=CAT  \\$aIPL-CLA$c20171231$lBLL01$h1522
=CAT  \\$aBATCH-UPD$b00$c20181217$lBLL01$h1628
=CAT  \\$aIPL-CLA$c20181231$lBLL01$h1537
=CAT  \\$aBATCH-UPD$b00$c20191122$lBLL01$h1841
=CAT  \\$aIPL-CLA$c20191231$lBLL01$h1834
=CAT  \\$aBATCH-UPD$b00$c20201118$lBLL01$h1323
=CAT  \\$aIPL-CLA$c20201231$lBLL01$h1525
=CAT  \\$aBATCH-UPD$b00$c20221121$lBLL01$h1318
=CAT  \\$aIPL-CLA$c20221231$lBLL01$h1440
=CAT  \\$aR2308-1440$c20230824$lBLL01$h0926
=CAT  \\$aIPL-CLA$c20230930$lBLL01$h0804
=CFI  0\$aCurrent copyright fee: GBP37.00$c2\0$e01-oct-2023$fGBP37.00$g0$hP$5Uk
=CFI  2\$aPrevious copyright fee: GBP37.00$c1\0$e01-jan-2023$fGBP37.00$g0$hP$5Uk
=FFP  \\$aY$bBLDSS-3PM
=FIN  \\$aY
=FMT  \\$a  SE
=LAS  \\$aIPL-CLA$b00$c20230930$lBLL01$h0804
=LEO  \\$aMP5.0000512723
=LEO  \\$aMP10.0000338773
=LEO  \\$aMP13.0000259409
=LEO  \\$aMP22.0000005755
=LKR  \\$aPAR$b013357664$lBLL01$r776$mLandscape research$nLandscape research (Online)
=SRC  \\$aBNB03$bbibmp5.200404.2.aa
=SRC  \\$aDSS01$bbibmp10.200404.2.aa
=SRC  \\$aHSS01$bbibmp13.200404.2.aa
=SRC  \\$aISN01$bbibmp22.200404.2.aa
=TCO  \\$aCLA$bCLA$c008
=TOC  \\$aETOC

