=LDR  03958cas a2201009 a 4500
=001  010551113
=003  Uk
=005  20221231195349.0
=007  ta
=008  810224d19792005enkar\p\\\\\\\0\\\a0eng\\
=015  \\$aGB8104755$2bnb
=019  y\$aB8104755
=019  9\$ab8104755
=019  1\$ab8104755
=019  c\$a1113571
=022  0\$a0144-9508
=039  0\$a1624
=040  \\$aUk$cUk$dUk
=050  00$aBV2500
=082  04$a266.3$218
=222  \0$aUSPG yearbook
=245  00$aUSPG yearbook.
=246  3\$aUSPG year book
=246  3\$aUnited Society for the Propagation of the Gospel yearbook
=260  \\$aLondon :$bUnited Society for the Propagation of the Gospel,$c[1980]-2005.
=300  \\$av. ;$c30 cm.
=336  \\$atext$2rdacontent
=337  \\$aunmediated$2rdamedia
=338  \\$avolume$2rdacarrier
=362  0\$a1979/80-2005.
=540  \\$aCurrent Copyright Fee: GBP25.00$c0$5Uk
=610  20$aUnited Society for the Propagation of the Gospel$vPeriodicals.
=653  \\$aAnglican missions$aUnited Society for the Propagation of the Gospel$aSerials
=710  2\$aUnited Society for the Propagation of the Gospel.
=780  00$tAnnual report - United Society for the Propagation of the Gospel$x0082-8580
=852  41$aBritish Library$bHMNTS$jPP.933(2)
=886  2\$2blmarc$a092$b00$a9135.100550n
=945  \\$aUSPG YEARBOOK.
=979  \\$aBritish Library$bDSC$j9135.100550N
=985  \\$aResponsibility for ISSN transferred to IC from ISSN UK Centre, 02.02.07
=ACF  \\$aPrevious copyright fee: GBP5.00$c0$e28-jul-2003$fGBP5.00$g0$hC$5Uk
=ACF  \\$aPrevious copyright fee: GBP10.50$c0$e01-jan-2011$fGBP10.50$g0$hA$5Uk
=ACF  \\$aPrevious copyright fee: GBP12.00$c0$e01-jan-2012$fGBP12.00$g0$hA$5Uk
=ACF  \\$aPrevious Copyright Fee: GBP12.30$c0$e01-jan-2014$fGBP12.30$g0$hA$5Uk
=ACF  \\$aPrevious Copyright Fee: GBP15.00$c0$e01-jan-2017$fGBP15.00$g0$hA$5Uk
=ACF  \\$aPrevious Copyright Fee: GBP17.50$c0$e01-jan-2018$fGBP17.50$g0$hA$5Uk
=ACF  \\$aPrevious Copyright Fee: GBP20.00$c0$e01-jan-2020$fGBP20.00$g0$hA$5Uk
=CAT  \\$aCONV$b00$c20040425$lBLL90$h0724
=CAT  \\$aBATCH-UPD$b40$c20070705$lBLL01$h2052
=CAT  \\$a7792$b40$c20081218$lBLL01$h1156
=CAT  \\$aBATCH-UPD$b40$c20090208$lBLL01$h1801
=CAT  \\$aBATCH$b00$c20091210$lBLL01$h0222
=CAT  \\$aBATCH-UPD$b00$c20100929$lBLL01$h1144
=CAT  \\$aBATCH-UPD$b00$c20101201$lBLL01$h1234
=CAT  \\$aIPL-CLA$c20101231$lBLL01$h1357
=CAT  \\$aWR11_203$c20111204$lBLL01$h1418
=CAT  \\$aIPL-CLA$c20111230$lBLL01$h1857
=CAT  \\$aBATCH-CLA$b00$c20121107$lBLL01$h1918
=CAT  \\$aWR13.005$c20130323$lBLL01$h1209
=CAT  \\$aBATCH-CLA$c20131219$lBLL01$h1822
=CAT  \\$aIPL-CLA$c20131231$lBLL01$h2139
=CAT  \\$aWR14_140$c20140905$lBLL01$h1744
=CAT  \\$aBATCH-CLA$b00$c20161222$lBLL01$h1737
=CAT  \\$aIPL-CLA$c20161230$lBLL01$h1951
=CAT  \\$aBATCH-CLA$b00$c20171222$lBLL01$h2042
=CAT  \\$aIPL-CLA$c20171231$lBLL01$h1522
=CAT  \\$aBATCH-CLA$b00$c20191219$lBLL01$h1703
=CAT  \\$aIPL-CLA$c20191231$lBLL01$h1834
=CAT  \\$aR2001-1524$c20200127$lBLL01$h1946
=CAT  \\$aBATCH-CLA$b00$c20201204$lBLL01$h1501
=CAT  \\$aIPL-CLA$c20201231$lBLL01$h2046
=CAT  \\$aBATCH-CLA$b00$c20221221$lBLL01$h1807
=CAT  \\$aIPL-CLA$c20221231$lBLL01$h1953
=CFI  0\$aCurrent Copyright Fee: GBP25.00$c0$e01-jan-2023$fGBP25.00$g0$hA$5Uk
=CFI  2\$aPrevious Copyright Fee: GBP22.50$c0$e01-jan-2021$fGBP22.50$g0$hA$5Uk
=FIN  \\$aY
=FMT  \\$a  SE
=LAS  \\$aIPL-CLA$b00$c20221231$lBLL01$h1953
=LEO  \\$aMP10.0000597591
=LEO  \\$aMP22.0000007947
=LEO  \\$aMP5.0000512794
=LEO  \\$aMP13.0000259454
=SRC  \\$aDSS01$bbibmp10.200404.2.aa
=SRC  \\$aISN01$bbibmp22.200404.2.aa
=SRC  \\$aBNB03$bbibmp5.200404.2.aa
=SRC  \\$aHSS01$bbibmp13.200404.2.aa
=TCO  \\$aCLA$bCLA$c008

