=LDR  03376cas a2200877ua 4500
=001  010551115
=003  Uk
=005  20230210005427.0
=007  ta
=008  810224c19799999enkqr|p|||\\\\0\\\|0eng\\
=015  \\$aGB8104758$2bnb
=019  y\$aB8104758
=019  9\$ab8104758
=019  1\$ab8104758
=019  c\$a2187900
=022  0\$a0260-5112
=039  0\$a1624
=040  \\$aUk$cUk
=082  04$a301.05$219
=130  0\$aFree life (London, England : 1979)
=210  0\$aFree life$b(1979)
=222  \0$aFree life$b(1979)
=245  10$aFree life :$bthe journal of the Libertarian Alliance.
=260  \\$aLondon :$bLibertarian Alliance,$c1979-
=300  \\$av. :$bill. ;$c21 cm.
=310  \\$aQuarterly
=336  \\$atext$2rdacontent
=337  \\$aunmediated$2rdamedia
=338  \\$avolume$2rdacarrier
=362  0\$aVol. 1, no. 1 (winter 1979)-
=540  \\$aCurrent Copyright Fee: GBP25.00$c0$5Uk
=650  \0$aLiberty$xPeriodicals.
=653  \\$aSociety$aSerials
=710  2\$aLibertarian Alliance.
=852  41$aBritish Library$bDSC$j4033.324500$3VOL. 1, 1979- 7(1), [19?] *A=1; NO. 22, 1995- 28, 1998 *A=1
=852  41$aBritish Library$bHMNTS$jP.701/1715
=945  \\$aFREE LIFE -LONDON- LIBERTARIAN ALLIANCE-.
=959  \\$fHeld but not currently received
=963  \\$aVOL. 1, 1979- 4(2), 1984 *A=1; NO. 15, 1992- *A=1 SEE ALSO L211.C.1$bN$cL211.B.22
=985  \\$aResponsibility for ISSN transferred to ISSN International Centre from ISSN UK Centre, 03/03/11.
=ACF  \\$aPrevious Copyright Fee: GBP12.00$c0$e01-oct-2012$fGBP12.00$g0$hC$5Uk
=ACF  \\$aPrevious Copyright Fee: GBP12.30$c0$e01-jan-2014$fGBP12.30$g0$hC$5Uk
=ACF  \\$aPrevious Copyright Fee: GBP15.00$c0$e01-jan-2017$fGBP15.00$g0$hC$5Uk
=ACF  \\$aPrevious Copyright Fee: GBP17.50$c0$e01-jan-2018$fGBP17.50$g0$hC$5Uk
=ACF  \\$aPrevious Copyright Fee: GBP20.00$c0$e01-jan-2020$fGBP20.00$g0$hC$5Uk
=ACF  \\$aPrevious Copyright Fee: GBP22.50$c0$e01-jan-2021$fGBP22.50$g0$hC$5Uk
=CAT  \\$aCONV$b00$c20040425$lBLL90$h0724
=CAT  \\$aCONV$b00$c20040502$lBLL01$h1404
=CAT  \\$aBATCH$b00$c20091122$lBLL01$h1454
=CAT  \\$aWR14_140$c20140905$lBLL01$h1744
=CAT  \\$a8874$b40$c20161219$lBLL01$h1130
=CAT  \\$aIPL-CLA$c20161230$lBLL01$h1951
=CAT  \\$aBATCH-CLA$b00$c20171130$lBLL01$h1659
=CAT  \\$aIPL-CLA$c20171231$lBLL01$h1522
=CAT  \\$aBATCH-CLA$b00$c20191129$lBLL01$h1625
=CAT  \\$aIPL-CLA$c20191231$lBLL01$h1834
=CAT  \\$aBATCH-CLA$b00$c20201126$lBLL01$h1417
=CAT  \\$aIPL-CLA$c20201231$lBLL01$h2046
=CAT  \\$aBATCH-CLA$b00$c20221130$lBLL01$h1450
=CAT  \\$aIPL-CLA$c20221231$lBLL01$h1953
=CAT  \\$aBATCH-CLA$b00$c20230209$lBLL01$h1537
=CAT  \\$aIPL-CLA$c20230210$lBLL01$h0054
=CFI  0\$aCurrent Copyright Fee: GBP25.00$c0$e09-feb-2023$fGBP25.00$g0$hC$5Uk
=CFI  2\$aBritish Library not licensed to copy$c0$e01-jan-2023$hC$iCFP Excluded$5Uk
=FIN  \\$aY
=FMT  \\$a  SE
=LAS  \\$aIPL-CLA$b00$c20230210$lBLL01$h0054
=LEO  \\$aMP5.0000512797
=LEO  \\$aMP13.0000259456
=LEO  \\$aMP10.0000239109
=LEO  \\$aMP22.0000008511
=SRC  \\$aDSS01$bbibmp10.200404.2.aa
=SRC  \\$aISN01$bbibmp22.200404.2.aa
=SRC  \\$aBNB03$bbibmp5.200404.2.aa
=SRC  \\$aHSS01$bbibmp13.200404.2.aa
=TCO  \\$aCLA$bCLA$c008

