=LDR  07261 as a2201477ui 4500
=001  010554525
=003  Uk
=005  20201231204614.0
=007  ta
=008  811125c19789999enku|2\|||\\\||\\\a0eng\\
=015  \\$aGB8138509$2bnb
=019  y\$aB8138509
=019  9\$ab8138509
=019  1\$ab8138509
=019  c\$a2293639
=022  0\$a0262-0758
=039  0\$a1664
=040  \\$aUk$cUk
=043  \\$ab------
=082  04$a378/.009171/241$218
=082  04$a378/.009171/241$219
=130  0\$aAcumen (London)
=210  0\$aAcumen$b(Lond.)
=222  \0$aAcumen$b(London)
=245  00$aAcumen /$cAssociation of Commonwealth Universities.
=260  \\$aLondon :$bThe Association,$c1978-
=300  \\$av. ;$c30cm.
=310  \\$aIrregular
=336  \\$atext$2rdacontent
=337  \\$aunmediated$2rdamedia
=338  \\$avolume$2rdacarrier
=362  0\$aNo.1 (Jan.1978)-
=540  \\$aBritish Library not licensed to copy$c0$5Uk
=595  \\$aSEE ALSO CARD INDEX.
=650  \0$aUniversities and colleges$zCommonwealth of Nations$xPeriodicals.
=653  \\$aCommonwealth countries$aUniversities$aSerials
=710  2\$aAssociation of Commonwealth Universities.
=852  41$aBritish Library$bHMNTS$jP.523/1564$3NO. 1, 1978- *A=1
=886  2\$2blmarc$a092$b00$a0677.929500n
=886  2\$2ukmarc$a910$b20$aAssociation of Universities of the British Commonwealth$xSee$aAssociation of Commonwealth Universities$z710
=945  \\$aACUMEN -LONDON-.
=963  \\$aNO. 19, 1983- *A=1$bN$cU
=979  \\$aBritish Library$bDSC$j0677.929500N
=985  \\$aISSN responsibility taken by ISSN International Centre 18/4/07
=ACF  \\$aBritish Library not licensed to copy$c0$e01-apr-2012$hC$iCLA Excluded$5Uk
=ACF  \\$aBritish Library not licensed to copy$c0$e01-jan-2012$hC$iCLA Excluded$5Uk
=ACF  \\$aBritish Library not licensed to copy$c0$e01-oct-2011$hC$iCLA Excluded$5Uk
=ACF  \\$aBritish Library not licensed to copy$c0$e01-jul-2011$hC$iCLA Excluded$5Uk
=ACF  \\$aBritish Library not licensed to copy$c0$e01-apr-2011$hC$iCLA Excluded$5Uk
=ACF  \\$aBritish Library not licensed to copy$c0$e01-jan-2011$hC$iCLA Excluded$5Uk
=ACF  \\$aBritish Library not licensed to copy$c0$e01-oct-2010$hC$iCLA Excluded$5Uk
=ACF  \\$aBritish Library not licensed to copy$c0$e01-jul-2010$hC$iCLA Excluded$5Uk
=ACF  \\$aBritish Library not licensed to copy$c0$e01-apr-2010$hC$iCLA Excluded$5Uk
=ACF  \\$aBritish Library not licensed to copy$c0$e01-Jan-2010$hC$iCLA Excluded$5Uk
=ACF  \\$aBritish Library not licensed to copy$c0$e01-oct-2009$hC$iCLA Excluded$5Uk
=ACF  \\$aBritish Library not licensed to copy$c0$e01-jul-2009$hC$iCLA Excluded$5Uk
=ACF  \\$aBritish Library not licensed to copy$c0$e01-apr-2009$hC$iCLA Excluded$5Uk
=ACF  \\$aBritish Library not licensed to copy$c0$e01-jan-2009$hC$iCLA Excluded$5Uk
=ACF  \\$aBritish Library not licensed to copy$c0$e01-oct-2008$hC$iCLA Excluded$5Uk
=ACF  \\$aBritish Library not licensed to copy$c0$e01-jul-2008$hC$iCLA Excluded$5Uk
=ACF  \\$aBritish Library not licensed to copy$c0$e01-apr-2008$hC$iCLA Excluded$5Uk
=ACF  \\$aBritish Library not licensed to copy$c0$e01-jan-2008$hC$iCLA Excluded$5Uk
=ACF  \\$aBritish Library not licensed to copy$c0$e01-oct-2007$hC$iCLA Excluded$5Uk
=ACF  \\$aBritish Library not licensed to copy$c0$e01-jul-2007$hC$iCLA Excluded$5Uk
=ACF  \\$aBritish Library not licensed to copy$c0$e01-apr-2007$hC$iCLA Excluded$5Uk
=ACF  \\$aBritish Library not licensed to copy$c0$e01-jan-2007$hC$iCLA Excluded$5Uk
=ACF  \\$aBritish Library not licensed to copy$c0$e01-oct-2006$hC$iCLA Excluded$5Uk
=ACF  \\$aBritish Library not licensed to copy$c0$e01-jul-2006$hC$iCLA Excluded$5Uk
=ACF  \\$aBritish Library not licensed to copy$c0$e01-apr-2006$hC$iCLA Excluded$5Uk
=ACF  \\$aBritish Library not licensed to copy$c0$e01-jan-2006$hC$iCLA Excluded$5Uk
=ACF  \\$aBritish Library not licensed to copy$c0$e01-oct-2005$hC$iCLA Excluded$5Uk
=ACF  \\$aBritish Library not licensed to copy$c0$e01-jul-2005$hC$iCLA Excluded$5Uk
=ACF  \\$aBritish Library not licensed to copy$c0$e01-apr-2005$hC$iCLA Excluded$5Uk
=ACF  \\$aBritish Library not licensed to copy$c0$e01-jan-2005$hC$iCLA Excluded$5Uk
=ACF  \\$aBritish Library not licensed to copy$c0$e01-oct-2004$hC$iCLA Excluded$5Uk
=ACF  \\$aBritish Library not licensed to copy$c0$e24-may-2002$g0$hC$iCLA-excluded$5Uk
=ACF  \\$aBritish Library not licensed to copy$c0$e01-apr-1997$g0$iCLA-excluded$5Uk
=ACF  \\$aBritish Library not licensed to copy$c0$e01-jul-2012$hC$iCLA Excluded$5Uk
=ACF  \\$aBritish Library not licensed to copy$c0$e01-oct-2012$hC$iCFP Excluded$5Uk
=ACF  \\$aBritish Library not licensed to copy$c0$e01-jan-2013$hC$iCFP Excluded$5Uk
=ACF  \\$aBritish Library not licensed to copy$c0$e01-apr-2013$hC$iCFP Excluded$5Uk
=ACF  \\$aBritish Library not licensed to copy$c0$e01-jul-2013$hC$iCFP Excluded$5Uk
=ACF  \\$aBritish Library not licensed to copy$c0$e01-oct-2013$hC$iCFP Excluded$5Uk
=ACF  \\$aBritish Library not licensed to copy$c0$e01-jan-2014$hC$iCFP Excluded$5Uk
=ACF  \\$aBritish Library not licensed to copy$c0$e01-apr-2014$hC$iCFP Excluded$5Uk
=ACF  \\$aBritish Library not licensed to copy$c0$e01-jul-2014$hC$iCFP Excluded$5Uk
=CAT  \\$aWR09-126
=CAT  \\$aIPL-CLA$c20120930$lBLL01$h2045
=CAT  \\$aBATCH-CLA$b00$c20121107$lBLL01$h1917
=CAT  \\$aWR12_128$c20121113$lBLL01$h1829
=CAT  \\$aBATCH-CLA$b00$c20121130$lBLL01$h1237
=CAT  \\$aIPL-CLA$c20121231$lBLL01$h1259
=CAT  \\$aIPL-CLA$c20130102$lBLL01$h1710
=CAT  \\$aBATCH-CLA$b00$c20130228$lBLL01$h1707
=CAT  \\$aWR13.005$c20130323$lBLL01$h1211
=CAT  \\$aIPL-CLA$c20130331$lBLL01$h1050
=CAT  \\$a540_fix$c20130403$lBLL01$h2010
=CAT  \\$aBATCH-CLA$b00$c20130531$lBLL01$h1642
=CAT  \\$aIPL-CLA$c20130701$lBLL01$h0027
=CAT  \\$aBATCH-CLA$b00$c20130830$lBLL01$h1626
=CAT  \\$aIPL-CLA$c20130930$lBLL01$h1732
=CAT  \\$aBATCH-CLA$b00$c20131129$lBLL01$h1653
=CAT  \\$aIPL-CLA$c20131231$lBLL01$h2139
=CAT  \\$aBATCH-CLA$b00$c20140228$lBLL01$h1614
=CAT  \\$aIPL-CLA$c20140331$lBLL01$h1622
=CAT  \\$aBATCH-CLA$b00$c20140530$lBLL01$h1709
=CAT  \\$aIPL-CLA$c20140630$lBLL01$h1710
=CAT  \\$aWR14_140$c20140905$lBLL01$h1745
=CAT  \\$aBATCH-CLA$b00$c20200903$lBLL01$h1620
=CAT  \\$aIPL-CLA$c20200930$lBLL01$h1641
=CAT  \\$aBATCH-CLA$b00$c20201126$lBLL01$h1418
=CAT  \\$aIPL-CLA$c20201231$lBLL01$h2046
=CFI  0\$aBritish Library not licensed to copy$c0$e01-jan-2021$hC$iCFP Excluded$5Uk
=CFI  2\$aPrevious Copyright Fee: GBP20.00$c0$e01-oct-2020$fGBP20.00$g0$hC$5Uk
=FIN  \\$aY
=FMT  \\$a  SE
=LAS  \\$aIPL-CLA$b00$c20201231$lBLL01$h2046
=LEO  \\$aMP10.0000031955
=LEO  \\$aMP5.0000518349
=LEO  \\$aMP13.0000262958
=LEO  \\$aMP22.0000010019
=SRC  \\$aDSS01$bbibmp10.200404.2.aa
=SRC  \\$aBNB03$bbibmp5.200404.2.aa
=SRC  \\$aHSS01$bbibmp13.200404.2.aa
=SRC  \\$aISN01$bbibmp22.200404.2.aa
=TCO  \\$aCLA$bCLA$c008

