=LDR  05194cas a2201285 a 4500
=001  010815753
=003  Uk
=005  20221231144048.0
=006  aa\\\|||||||||||||
=007  ta
=008  951108c19899999nyubr\p\\\\\\\0\\\a0eng\\
=015  \\$aGB9042558$2bnb
=019  c\$a2406284
=019  y\$ab9042558
=019  9\$ab9042558
=019  0\$as600540006
=022  0\$a0955-9930
=039  0\$a2101
=040  \\$aUk$cUk$dUk
=042  \\$aukblsr
=082  04$a616.692$220
=084  \\$aGV 96$2blsrissc
=210  0\$aInt. j. impot. res.
=222  \0$aInternational journal of impotence research
=245  00$aInternational journal of impotence research.
=246  1\$iVols. for <2004-> called also:$aJournal of sexual medicine
=246  13$aIJIR
=260  \\$aBasingstoke :$bStockton,$c1989-
=260  2\$aLondon :$bSmith-Gordon
=260  2\$aBasingstoke :$bNature Publishing Group
=264  31$aNew York, NY :$bSpringer Nature
=300  \\$av. ;$c25cm-28cm.
=310  \\$aBimonthly,$b<2004->
=321  \\$aQuarterly
=336  \\$atext$2rdacontent
=337  \\$aunmediated$2rdamedia
=338  \\$avolume$2rdacarrier
=362  0\$aVol.1, no.1 (Aug. 1989)-
=500  \\$aOfficial journal of the International Society for Impotence Research.
=530  \\$aAlso issued online.
=540  \\$aCurrent copyright fee: GBP34.95$c16\0$5Uk
=588  \\$aLatest issue consulted: volume 29, number 2 (March/April 2017).
=595  \\$aSee also card index.
=650  \0$aImpotence$vPeriodicals.
=653  \\$aMen$aImpotence
=710  2\$aInternational Society for Impotence Research.
=776  1\$tInternational journal of impotence research (Online)$x1476-5489
=852  41$aBritish Library$bDSC$j4542.302700$3Vol. 1 (1989)-v. 19, no. 6 (2007)
=852  71$aBritish Library$bSTI$k(P)$hGV 96$m-E(2)$2blsrissc$31989-1993; Vol.1-5.-V. 29, no. 6 (2017)***Title now taken as electronic copy only
=856  \\$31850-9999$uhttp://www.nature.com/$xBLDSS
=945  \\$aInternational journal of impotence research
=957  \\$aCR
=959  \\$fHeld but not currently received
=963  \\$aCA/M-7 Vol. 9 (1997)-$bN
=985  \\$aRecord merged by DQ team
=985  \\$aISSN UK Centre note: responsibility transferred to US Center 31.5.19.
=ACF  \\$aPrevious copyright fee: GBP16.60$c16\0$e01-jan-2007$fGBP16.60$g0$hP$5Uk
=ACF  \\$aPrevious copyright fee: GBP16.22$c16\0$e01-oct-2006$fGBP16.22$g0$hP$5Uk
=ACF  \\$aPrevious copyright fee: GBP17.14$c16\0$e01-apr-2006$fGBP17.14$g0$hP$5Uk
=ACF  \\$aPrevious copyright fee: GBP16.67$c16\0$e01-jan-2006$fGBP16.67$g0$hP$5Uk
=ACF  \\$aPrevious copyright fee: GBP16.22$c16\0$e01-apr-2005$fGBP16.22$g0$hP$5Uk
=ACF  \\$aPrevious copyright fee: GBP16.67$c16\0$e01-jan-2005$fGBP16.67$g0$hP$5Uk
=ACF  \\$aPrevious copyright fee: GBP13.51$c16\0$e01-apr-2004$fGBP13.51$g0$hP$5Uk
=ACF  \\$aCurrent copyright fee: GBP14.71$c16\0$e01-jan-2004$fGBP14.71$g0$hP$5Uk
=ACF  \\$aCurrent copyright fee: GBP15.63$c16\0$e01-jan-2003$fGBP15.63$g0$hP$5Uk
=ACF  \\$aPrevious copyright fee: GBP17.50$c16\0$e01-jan-2009$fGBP17.50$g0$hP$5Uk
=ACF  \\$aPrevious copyright fee: GBP22.00$c16\0$e01-oct-2010$fGBP22.00$g0$hP$5Uk
=CAT  \\$aCONV$b00$c20040425$lBLL90$h0849
=CAT  \\$aBATCH$b00$c20061229$lBLL01$h2140
=CAT  \\$a8180$b40$c20071115$lBLL01$h1334
=CAT  \\$aBATCH-UPD$b40$c20081209$lBLL01$h1454
=CAT  \\$aBATCH-UPD$b40$c20081231$lBLL01$h2247
=CAT  \\$aBATCH-UPD$b40$c20090101$lBLL01$h0025
=CAT  \\$aBATCH$b00$c20090101$lBLL01$h0200
=CAT  \\$aBATCH$b00$c20091122$lBLL01$h1625
=CAT  \\$aBATCH-UPD$b00$c20100818$lBLL01$h1551
=CAT  \\$aIPL-CLA$c20100930$lBLL01$h1510
=CAT  \\$aBATCH-CLA$b00$c20121107$lBLL01$h1917
=CAT  \\$a8456$b40$c20130814$lBLL01$h1340
=CAT  \\$a5552$b40$c20131016$lBLL01$h0902
=CAT  \\$aWR14_140$c20140905$lBLL01$h1745
=CAT  \\$aBATCH-UPD$b00$c20140906$lBLL01$h0328
=CAT  \\$aBLDSS-3PM$b00$c20150111$lBLL01$h1520
=CAT  \\$aBATCH-UPD$b00$c20160413$lBLL01$h1811
=CAT  \\$aBATCH-UPD$b00$c20160602$lBLL01$h1443
=CAT  \\$a10973$b40$c20170503$lBLL01$h0951
=CAT  \\$a10973$b40$c20170503$lBLL01$h0954
=CAT  \\$aBATCH-UPD$b40$c20171121$lBLL01$h1636
=CAT  \\$aIPL-CLA$c20171231$lBLL01$h1524
=CAT  \\$a10973$b40$c20190424$lBLL01$h1057
=CAT  \\$a10973$b40$c20190531$lBLL01$h1426
=CAT  \\$aBATCH-UPD$b40$c20221121$lBLL01$h1330
=CAT  \\$aIPL-CLA$c20221231$lBLL01$h1440
=CFI  0\$aCurrent copyright fee: GBP34.95$c16\0$e01-jan-2023$fGBP34.95$g0$hP$5Uk
=CFI  2\$aPrevious copyright fee: GBP24.00$c16\0$e01-jan-2018$fGBP24.00$g0$hP$5Uk
=FFP  \\$aY$bBLDSS-3PM
=FIN  \\$aY
=FMT  \\$a  SE
=LAS  \\$aIPL-CLA$b00$c20221231$lBLL01$h1440
=LEO  \\$aMP5.0000786314
=LEO  \\$aMP25.0000291590
=LEO  \\$aMP10.0000295550
=LEO  \\$aMP22.0000029475
=SRC  \\$aBNB03$bbibmp5.200404.2.ab
=SRC  \\$aSRI01$bbibmp25.200404.2.aa
=SRC  \\$aDSS01$bbibmp10.200404.2.aa
=SRC  \\$aISN01$bbibmp22.200404.2.aa
=TCO  \\$aCLA$bCLA$c008
=TOC  \\$aETOC
=UNO  \\$aY

