=LDR  07138 as a22014053i 4500
=001  010817880
=003  Uk
=005  20140113093001.0
=007  ta
=008  920318d19911997enkgr\\\\\\\\\0\\\a0eng\\
=015  \\$aGB9211002$2bnb
=019  c\$a2440291
=019  y\$ab9211002
=019  9\$ab9211002
=019  1\$ab9211002
=022  0\$a0960-7986
=039  0\$a2183
=040  \\$aUk$cUk$dUk
=082  04$a378.3$220
=210  0\$aAwards postgrad. study Commonw. univ.
=222  \0$aAwards for postgraduate Study at Commonwealth universities
=245  00$aAwards for postgraduate Study at Commonwealth universities.
=260  \\$aLondon :$bAssociation of Commonwealth Universities,$c1990-1997.
=300  \\$a4 v. ;$c23 cm.
=310  \\$aBiennial
=336  \\$atext$2rdacontent
=337  \\$aunmediated$2rdamedia
=338  \\$avolume$2rdacarrier
=362  0\$a9th ed. (1991-93)-[12th, (1997-99?]
=540  \\$aBritish Library not licensed to copy$c0$5Uk
=580  \\$aMerged with : Awards for first degree study at Commonwealth universities, and : Awards for University teachers and research workers, to become : International awards.
=595  \\$aFORMERLY 8092.5407 UP TO 1989/1991 LATEST EDITION SHELVED IN READING ROOM AT Q378.34.
=653  1\$aCommonwealth countries$aHigher education$aAwards
=710  2\$aAssociation of Commonwealth Universities.
=780  00$tScholarships guide for Commonwealth postgraduate students$x0306-1736
=785  17$tAwards for first degree study at Commonwealth universities$x0967-9863
=785  17$tAwards for university teachers and research workers$x0964-2706
=785  17$tInternational awards$x1477-3465
=852  41$aBritish Library$bDSC$j1840.561000$31991/1993-1997/1999
=852  41$aBritish Library$bHMNTS$jP.521/1418
=945  \\$aAwards for postgraduate Study at Commonwealth universities.
=959  \\$fHeld but not currently received
=985  \\$aResponsibility for ISSN transferred to IC from ISSN UK, 12/04.07
=A02  \\$a2440291
=ACF  \\$aBritish Library not licensed to copy$c0$e01-apr-2012$hC$iCLA Excluded$5Uk
=ACF  \\$aBritish Library not licensed to copy$c0$e01-jan-2012$hC$iCLA Excluded$5Uk
=ACF  \\$aBritish Library not licensed to copy$c0$e01-oct-2011$hC$iCLA Excluded$5Uk
=ACF  \\$aBritish Library not licensed to copy$c0$e01-jul-2011$hC$iCLA Excluded$5Uk
=ACF  \\$aBritish Library not licensed to copy$c0$e01-apr-2011$hC$iCLA Excluded$5Uk
=ACF  \\$aBritish Library not licensed to copy$c0$e01-jan-2011$hC$iCLA Excluded$5Uk
=ACF  \\$aBritish Library not licensed to copy$c0$e01-oct-2010$hC$iCLA Excluded$5Uk
=ACF  \\$aBritish Library not licensed to copy$c0$e01-jul-2010$hC$iCLA Excluded$5Uk
=ACF  \\$aBritish Library not licensed to copy$c0$e01-apr-2010$hC$iCLA Excluded$5Uk
=ACF  \\$aBritish Library not licensed to copy$c0$e01-Jan-2010$hC$iCLA Excluded$5Uk
=ACF  \\$aBritish Library not licensed to copy$c0$e01-oct-2009$hC$iCLA Excluded$5Uk
=ACF  \\$aBritish Library not licensed to copy$c0$e01-jul-2009$hC$iCLA Excluded$5Uk
=ACF  \\$aBritish Library not licensed to copy$c0$e01-apr-2009$hC$iCLA Excluded$5Uk
=ACF  \\$aBritish Library not licensed to copy$c0$e01-jan-2009$hC$iCLA Excluded$5Uk
=ACF  \\$aBritish Library not licensed to copy$c0$e01-oct-2008$hC$iCLA Excluded$5Uk
=ACF  \\$aBritish Library not licensed to copy$c0$e01-jul-2008$hC$iCLA Excluded$5Uk
=ACF  \\$aBritish Library not licensed to copy$c0$e01-apr-2008$hC$iCLA Excluded$5Uk
=ACF  \\$aBritish Library not licensed to copy$c0$e01-jan-2008$hC$iCLA Excluded$5Uk
=ACF  \\$aBritish Library not licensed to copy$c0$e01-oct-2007$hC$iCLA Excluded$5Uk
=ACF  \\$aBritish Library not licensed to copy$c0$e01-jul-2007$hC$iCLA Excluded$5Uk
=ACF  \\$aBritish Library not licensed to copy$c0$e01-apr-2007$hC$iCLA Excluded$5Uk
=ACF  \\$aBritish Library not licensed to copy$c0$e01-jan-2007$hC$iCLA Excluded$5Uk
=ACF  \\$aBritish Library not licensed to copy$c0$e01-oct-2006$hC$iCLA Excluded$5Uk
=ACF  \\$aBritish Library not licensed to copy$c0$e01-jul-2006$hC$iCLA Excluded$5Uk
=ACF  \\$aBritish Library not licensed to copy$c0$e01-apr-2006$hC$iCLA Excluded$5Uk
=ACF  \\$aBritish Library not licensed to copy$c0$e01-jan-2006$hC$iCLA Excluded$5Uk
=ACF  \\$aBritish Library not licensed to copy$c0$e01-oct-2005$hC$iCLA Excluded$5Uk
=ACF  \\$aBritish Library not licensed to copy$c0$e01-jul-2005$hC$iCLA Excluded$5Uk
=ACF  \\$aBritish Library not licensed to copy$c0$e01-apr-2005$hC$iCLA Excluded$5Uk
=ACF  \\$aBritish Library not licensed to copy$c0$e01-jan-2005$hC$iCLA Excluded$5Uk
=ACF  \\$aBritish Library not licensed to copy$c0$e01-oct-2004$hC$iCLA Excluded$5Uk
=ACF  \\$aBritish Library not licensed to copy$c0$e29-may-2002$g0$hC$iCLA-excluded$5Uk
=ACF  \\$aCurrent copyright fee: GBP5.00$c0$e24-may-2002$fGBP5.00$g0$hC$5Uk
=ACF  \\$aBritish Library not licensed to copy$c0$e01-apr-1997$g0$iCLA-excluded$5Uk
=CAT  \\$aCONV$b00$c20040425$lBLL90$h0849
=CAT  \\$aBATCH-UPD$b00$c20100630$lBLL01$h1954
=CAT  \\$aIPL-CLA$c20100630$lBLL01$h2021
=CAT  \\$aBATCH-CLA$b00$c20100831$lBLL01$h1535
=CAT  \\$aIPL-CLA$c20100930$lBLL01$h1510
=CAT  \\$aBATCH-CLA$b00$c20101115$lBLL01$h1548
=CAT  \\$aIPL-CLA$c20101231$lBLL01$h1359
=CAT  \\$aBATCH-CLA$b00$c20110228$lBLL01$h1547
=CAT  \\$aIPL-CLA$c20110331$lBLL01$h1449
=CAT  \\$aBATCH-CLA$b00$c20110531$lBLL01$h1643
=CAT  \\$aIPL-CLA$c20110630$lBLL01$h1529
=CAT  \\$aBATCH-CLA$b00$c20110831$lBLL01$h1759
=CAT  \\$aIPL-CLA$c20110930$lBLL01$h1531
=CAT  \\$aBATCH-CLA$b00$c20111130$lBLL01$h1152
=CAT  \\$aIPL-CLA$c20111230$lBLL01$h1858
=CAT  \\$aBATCH-CLA$b00$c20120229$lBLL01$h1602
=CAT  \\$aIPL-CLA$c20120330$lBLL01$h1417
=CAT  \\$aBATCH-CLA$b00$c20120531$lBLL01$h1718
=CAT  \\$aIPL-CLA$c20120629$lBLL01$h1015
=CAT  \\$aBATCH-CLA$b00$c20120831$lBLL01$h1542
=CAT  \\$aIPL-CLA$c20120930$lBLL01$h2046
=CAT  \\$aBATCH-CLA$b00$c20121107$lBLL01$h1916
=CAT  \\$aWR12_128$c20121113$lBLL01$h1832
=CAT  \\$aWR13.005$c20130323$lBLL01$h1312
=CAT  \\$a6537$b40$c20140113$lBLL01$h0930
=CAT  \\$aWR14_140$c20140905$lBLL01$h1745
=CFI  0\$aBritish Library not licensed to copy$c0$e01-oct-2012$hC$iCFP Excluded$5Uk
=CFI  2\$aBritish Library not licensed to copy$c0$e01-jul-2012$hC$iCLA Excluded$5Uk
=FIN  \\$aY
=FMT  \\$a  SE
=LAS  \\$aWR14_140$b00$c20140905$lBLL01$h1745
=LEO  \\$aMP10.0000085828
=LEO  \\$aMP22.0000033522
=LEO  \\$aMP5.0000797742
=LEO  \\$aMP13.0000313486
=LKR  \\$aPAR$b010187940$lBLL01$r78000$mAwards for postgraduate Study at Commonwealth universities$nScholarships guide for commonwealth postgraduate students
=MIS  \\$ak-sep
=SRC  \\$aDSS01$bbibmp10.200404.2.aa
=SRC  \\$aBNB03$bbibmp5.200404.2.ab
=SRC  \\$aHSS01$bbibmp13.200404.2.aa
=SRC  \\$aISN01$bbibmp22.200404.2.aa
=TCO  \\$aCLA$bCLA$c008

