=LDR  04639cas a2201117 a 4500
=001  010819513
=003  Uk
=005  20221231195615.0
=007  ta
=008  910813d19831986enkar\m\\\\\\\0\\\a0eng\\
=015  \\$aGB8423836$2bnb
=019  c\$a2182265
=019  y\$ab8423836
=019  9\$ab8423836
=019  1\$ab8423836
=022  0\$a0964-1602
=039  0\$a1797
=040  \\$aUk$cUk$dUk
=050  00$aHD5650
=082  04$a331.0112$219
=210  0\$aInt. yearb. organ. democr.
=222  \0$aInternational yearbook of organizational democracy
=245  00$aInternational yearbook of organizational democracy :$bfor the study of participation, co-operation and power.
=260  \\$aChichester :$bWiley,$c1983-1986.
=300  \\$a3 v. :$bill. ;$c25 cm.
=310  \\$aAnnual
=336  \\$atext$2rdacontent
=337  \\$aunmediated$2rdamedia
=338  \\$avolume$2rdacarrier
=362  0\$aVol. 1-v. 3.
=500  \\$aEach issue has a distinctive title
=540  \\$aCurrent Copyright Fee: GBP25.00$c0$5Uk
=595  \\$aCONTD AS 4540.681 VOL. 1, 1989-
=650  \0$aManagement$xEmployee participation$vPeriodicals.
=653  \\$aIndustrial democracy$aSerials
=690  7\$aManagement and Business Studies$2blcoll
=785  00$tInternational handbook of participation in organizations$x0964-1580
=852  41$aBritish Library$bHMNTS$jP.803/1407
=852  41$aBritish Library$bHMNTS$jX.520/36380$3Vol. 2, International perspectives on organizational democracy
=852  41$aBritish Library$bDSC$j4552.336000$3Vol. 1 (1983)-v. 3 (1986)***UKRR Retained Title
=945  \\$aINTERNATIONAL YEARBOOK OF ORGANIZATIONAL DEMOCRACY.
=959  \\$fHeld but not currently received
=963  \\$aVOL. 1, 1983- 3, 1986 *A=1$bN$cP206.C.206
=985  \\$aISSN responsibility held by US ISSN Centre. 22/5/08
=A02  \\$a2182265
=ACF  \\$aPrevious copyright fee: GBP9.00$c0$e01-apr-2010$fGBP9.00$g0$hA$5Uk
=ACF  \\$aPrevious copyright fee: GBP6.00$c0$e01-apr-2008$fGBP6.00$g0$hA$5Uk
=ACF  \\$aPrevious copyright fee: GBP5.00$c0$e01-jul-2002$fGBP5.00$g0$hA$5Uk
=ACF  \\$aCurrent copyright fee: GBP4.40$c0$e01-jul-1998$fGBP4.40$g0$hA$5Uk
=ACF  \\$aCurrent copyright fee: GBP4.20$c0$e01-apr-1997$fGBP4.20$g0$hA$5Uk
=ACF  \\$aPrevious copyright fee: GBP10.50$c0$e01-jan-2011$fGBP10.50$g0$hA$5Uk
=ACF  \\$aPrevious copyright fee: GBP12.00$c0$e01-jan-2012$fGBP12.00$g0$hA$5Uk
=ACF  \\$aPrevious Copyright Fee: GBP12.30$c0$e01-jan-2014$fGBP12.30$g0$hA$5Uk
=ACF  \\$aPrevious Copyright Fee: GBP15.00$c0$e01-jan-2017$fGBP15.00$g0$hA$5Uk
=ACF  \\$aPrevious Copyright Fee: GBP17.50$c0$e01-jan-2018$fGBP17.50$g0$hA$5Uk
=ACF  \\$aPrevious Copyright Fee: GBP20.00$c0$e01-jan-2020$fGBP20.00$g0$hA$5Uk
=CAT  \\$aCONV$b00$c20040425$lBLL90$h0849
=CAT  \\$aBATCH-UPD$b00$c20100331$lBLL01$h2228
=CAT  \\$aBATCH-UPD$b00$c20100401$lBLL01$h0159
=CAT  \\$aBATCH$b00$c20100401$lBLL01$h0501
=CAT  \\$aBATCH$b00$c20100401$lBLL01$h1525
=CAT  \\$aBATCH-UPD$b00$c20101124$lBLL01$h1857
=CAT  \\$aBATCH-UPD$b00$c20101125$lBLL01$h1119
=CAT  \\$aIPL-CLA$c20101231$lBLL01$h1359
=CAT  \\$aWR11_203$c20111204$lBLL01$h1419
=CAT  \\$aIPL-CLA$c20111230$lBLL01$h1859
=CAT  \\$aBATCH-CLA$b00$c20121107$lBLL01$h1916
=CAT  \\$aWR13.005$c20130323$lBLL01$h1313
=CAT  \\$aBATCH-CLA$c20131219$lBLL01$h1824
=CAT  \\$aIPL-CLA$c20131231$lBLL01$h2142
=CAT  \\$aWR14_140$c20140905$lBLL01$h1745
=CAT  \\$aBATCH-CLA$b00$c20161222$lBLL01$h1738
=CAT  \\$aIPL-CLA$c20161230$lBLL01$h1953
=CAT  \\$aBATCH-CLA$b00$c20171222$lBLL01$h2043
=CAT  \\$aIPL-CLA$c20171231$lBLL01$h1525
=CAT  \\$aBATCH-CLA$b00$c20191219$lBLL01$h1704
=CAT  \\$aIPL-CLA$c20191231$lBLL01$h1836
=CAT  \\$aR2001-1524$c20200127$lBLL01$h1947
=CAT  \\$aBATCH-CLA$b00$c20201204$lBLL01$h1502
=CAT  \\$aIPL-CLA$c20201231$lBLL01$h2048
=CAT  \\$aBATCH-CLA$b00$c20221221$lBLL01$h1808
=CAT  \\$aIPL-CLA$c20221231$lBLL01$h1956
=CFI  0\$aCurrent Copyright Fee: GBP25.00$c0$e01-jan-2023$fGBP25.00$g0$hA$5Uk
=CFI  2\$aPrevious Copyright Fee: GBP22.50$c0$e01-jan-2021$fGBP22.50$g0$hA$5Uk
=FIN  \\$aY
=FMT  \\$a  SE
=LAS  \\$aIPL-CLA$b00$c20221231$lBLL01$h1956
=LEO  \\$aMP5.0000747876
=LEO  \\$aMP13.0000276132
=LEO  \\$aMP10.0000299918
=LEO  \\$aMP22.0000036267
=SRC  \\$aBNB03$bbibmp5.200404.2.ab
=SRC  \\$aHSS01$bbibmp13.200404.2.aa
=SRC  \\$aDSS01$bbibmp10.200404.2.aa
=SRC  \\$aISN01$bbibmp22.200404.2.aa
=TCO  \\$aCLA$bCLA$c008

