=LDR  05185cas a22011177a 4500
=001  010822154
=003  Uk
=005  20221231144053.0
=007  ta
=008  980309c19969999enktr\p\\\\\\\0\\\a0eng\\
=019  c\$a2545321
=022  0\$a1352-8165$y1352-8156
=040  \\$aUk$cUk$dUk
=082  04$a792$222
=210  0\$aPerform. res.
=222  \0$aPerformance research
=245  00$aPerformance research.
=260  \\$aLondon :$bRoutledge
=310  \\$aQuarterly,$b2002-
=321  \\$aThree issues yearly,$b-2001
=336  \\$atext$2rdacontent
=337  \\$aunmediated$2rdamedia
=338  \\$avolume$2rdacarrier
=500  \\$aSome issues have distinctive titles.
=540  \\$aCurrent copyright fee: GBP37.00$c2\0$5Uk
=595  \\$aSEE ALSO CARD INDEX.
=650  \0$aPerforming arts$vPeriodicals.
=710  2\$aCentre for Performance Research.
=776  0\$tPerformance research (Online)$x1469-9990
=852  41$aBritish Library$bHMNTS$jEC.9.x.832$3Accompanying electronic media.
=852  41$aBritish Library$bHMNTS$jZC.9.a.7625$3Vol. 11, no. 1 (Apr. 2006)- v. 20 n. 5 (Dec. 2015)***title now taken as electronic copy only
=852  41$aBritish Library$bDSC$j6423.832100$3Vol. 1 (1996)-v. 18, no. 3 (2013)***Stock incomplete: Deficient: v. 1, no. 3 (1996); v. 17, no. 1 (2012); v. 17, no. 4 (2012); v. 17, no. 6 (2012)***UKRR Retained Title
=856  \\$31850-9999$uhttp://www.tandfonline.com/$xBLDSS
=945  \\$aPERFORMANCE RESEARCH.
=959  \\$fHeld but not currently received
=963  \\$aVOL. 1, 1996- *A=1$bN$cU
=985  \\$aCorrected by MS generated file for WR# 12.018
=985  \\$aResponsibility for ISSN transferred to US ISSN Centre from ISSN UK Centre, 26.10.11
=A02  \\$a2545321
=ACF  \\$aPrevious copyright fee: GBP17.00$c2\0$e01-jan-2010$fGBP17.00$g0$hP$5Uk
=ACF  \\$aPrevious copyright fee: GBP16.00$c2\0$e01-jan-2009$fGBP16.00$g0$hP$5Uk
=ACF  \\$aPrevious copyright fee: GBP15.00$c2\0$e01-apr-2008$fGBP15.00$g0$hP$5Uk
=ACF  \\$aPrevious copyright fee: GBP16.00$c2\0$e01-jan-2007$fGBP16.00$g0$hP$5Uk
=ACF  \\$aPrevious copyright fee: GBP13.00$c2\0$e01-jan-2005$fGBP13.00$g0$hP$5Uk
=ACF  \\$aPrevious copyright fee: GBP11.00$c2\0$e01-jan-2004$fGBP11.00$g0$hP$5Uk
=ACF  \\$aCurrent copyright fee: GBP10.00$c2\0$e01-apr-2002$fGBP10.00$g0$hP$5Uk
=ACF  \\$aCurrent copyright fee: GBP9.00$c2\0$e14-feb-2002$fGBP9.00$g0$hP$5Uk
=ACF  \\$aPrevious copyright fee: GBP21.00$c2\0$e01-jan-2011$fGBP21.00$g0$hP$5Uk
=ACF  \\$aPrevious copyright fee: GBP23.00$c2\0$e01-jan-2012$fGBP23.00$g0$hP$5Uk
=ACF  \\$aPrevious copyright fee: GBP23.50$c2\0$e01-jan-2013$fGBP23.50$g0$hP$5Uk
=ACF  \\$aPrevious copyright fee: GBP24.00$c2\0$e01-jan-2014$fGBP24.00$g0$hP$5Uk
=ACF  \\$aPrevious copyright fee: GBP25.00$c2\0$e01-jan-2015$fGBP25.00$g0$hP$5Uk
=ACF  \\$aPrevious copyright fee: GBP26.00$c2\0$e01-jan-2016$fGBP26.00$g0$hP$5Uk
=ACF  \\$aPrevious copyright fee: GBP28.00$c2\0$e01-jan-2017$fGBP28.00$g0$hP$5Uk
=ACF  \\$aPrevious copyright fee: GBP30.00$c2\0$e01-jan-2018$fGBP30.00$g0$hP$5Uk
=ACF  \\$aPrevious copyright fee: GBP32.00$c2\0$e01-jan-2019$fGBP32.00$g0$hP$5Uk
=ACF  \\$aPrevious copyright fee: GBP34.00$c2\0$e01-jan-2020$fGBP34.00$g0$hP$5Uk
=CAT  \\$aCONV$b00$c20040425$lBLL90$h0849
=CAT  \\$a11313$b40$c20131003$lBLL01$h1310
=CAT  \\$aBATCH-UPD$b40$c20131119$lBLL01$h1958
=CAT  \\$aIPL-CLA$c20131231$lBLL01$h2143
=CAT  \\$aBATCH-CLA$b00$c20140125$lBLL01$h1319
=CAT  \\$aBATCH-CLA$c20140225$lBLL01$h2317
=CAT  \\$aBATCH-UPD$b00$c20141124$lBLL01$h1801
=CAT  \\$aBLDSS-3PM$b00$c20141130$lBLL01$h1247
=CAT  \\$aIPL-CLA$c20141231$lBLL01$h1647
=CAT  \\$aBATCH-UPD$b00$c20151119$lBLL01$h1542
=CAT  \\$aIPL-CLA$c20151231$lBLL01$h1914
=CAT  \\$a10806$b40$c20160114$lBLL01$h1155
=CAT  \\$aBATCH-UPD$b40$c20160413$lBLL01$h1811
=CAT  \\$aBATCH-UPD$b40$c20161122$lBLL01$h1511
=CAT  \\$aBATCH-UPD$b40$c20161122$lBLL01$h1605
=CAT  \\$aIPL-CLA$c20161230$lBLL01$h1954
=CAT  \\$aBATCH-UPD$b00$c20171121$lBLL01$h1646
=CAT  \\$aIPL-CLA$c20171231$lBLL01$h1525
=CAT  \\$aBATCH-UPD$b00$c20181217$lBLL01$h1637
=CAT  \\$aIPL-CLA$c20181231$lBLL01$h1537
=CAT  \\$aBATCH-UPD$b00$c20191122$lBLL01$h1859
=CAT  \\$aIPL-CLA$c20191231$lBLL01$h1836
=CAT  \\$aBATCH-UPD$b00$c20201118$lBLL01$h1332
=CAT  \\$aIPL-CLA$c20201231$lBLL01$h1525
=CAT  \\$aBATCH-UPD$b00$c20221121$lBLL01$h1345
=CAT  \\$aIPL-CLA$c20221231$lBLL01$h1440
=CFI  0\$aCurrent copyright fee: GBP37.00$c2\0$e01-jan-2023$fGBP37.00$g0$hP$5Uk
=CFI  2\$aPrevious copyright fee: GBP35.00$c2\0$e01-jan-2021$fGBP35.00$g0$hP$5Uk
=FFP  \\$aY$bBLDSS-3PM
=FIN  \\$aY
=FMT  \\$a  SE
=LAS  \\$aIPL-CLA$b00$c20221231$lBLL01$h1440
=LEO  \\$aMP10.0000435200
=LEO  \\$aMP22.0000042735
=LKR  \\$aPAR$b013357665$lBLL01$r776$mPerformance research (Print)$nPerformance research (Online)
=SRC  \\$aDSS01$bbibmp10.200404.2.aa
=SRC  \\$aISN01$bbibmp22.200404.2.aa
=TCO  \\$aCLA$bCLA$c008
=TOC  \\$aETOC

