=LDR  06943 as a2201465 a 4500
=001  010995626
=003  Uk
=005  20190401084641.0
=007  ta
=008  880308c19799999maubr\p\\\\\\\0\\\a0eng\\
=015  \\$aGB8007354$2bnb
=019  y\$aB8007354
=019  9\$ab8007354
=019  c\$a2049428
=019  0\$as106344013
=022  0\$a0193-6484
=040  \\$cUk$dUk
=050  00$aQD1
=082  04$a540.5$219
=084  \\$aJB 00$2blsrissc
=210  0\$aChem. int.$b(Print)
=222  \0$aChemistry international$b(Print)
=245  00$aChemistry international :$bthe news magazine of the International Union of Pure and Applied Chemistry (IUPAC).
=260  \\$aOxford :$bPergamon,$c1979-
=264  31$aBoston [Mass.] :$bWalter de Gruyter, GmbH ;$a[Boston, MA] :$bIUPAC
=300  \\$billustrations (black and white, and colour) ;$c27-28 cm
=310  \\$aBimonthly
=336  \\$atext$2rdacontent
=337  \\$aunmediated$2rdamedia
=338  \\$avolume$2rdacarrier
=362  0\$a1979, no. 3-
=500  \\$aSubtitle varies slightly.
=540  \\$aCurrent copyright fee: GBP27.00$c56\0$5Uk
=588  \\$aLatest issue consulted: volume 36, no. 6 (November/December 2014).
=595  \\$aFORMERLY 4588.9590 UP TO NO. 2, 1979 SEE ALSO SERIAL RECORDS KCS-SE.
=650  \0$aChemistry$vPeriodicals.
=710  2\$aInternational Union of Pure and Applied Chemistry.
=776  08$iAlso issued online as:$tChemistry international (Online)$x1365-2192
=780  00$tInformation bulletin (International Union of Pure and Applied Chemistry)$x0145-5672
=852  71$aBritish Library$bSTI$k(TP)$hJB 00$m-E(134)$2blsrissc$3Accompanying CD-ROM
=852  41$aBritish Library$bDSC$j3172.010000$3No. 3 (1979)-v. 36, no. 6 (2014)***UKRR Retained Title***Stock Incomplete
=852  71$aBritish Library$bSTI$k(P)$hJB 00$m-E(134)$2blsrissc$31979- ; [Vol.1], no.3-v. 36, no. 6(2014:Nov./Dec.)***Accompanying CD-ROM at (TP) JB 00 -E(134)
=856  \\$31850-9999$uhttp://www.degruyter.com/$xBLDSS
=945  \\$aCHEMISTRY INTERNATIONAL
=959  \\$fHeld but not currently received
=963  \\$a1979(3)- *A=1$bN$cL360.B.83
=964  \\$aNO. 3, 1979- *A=1$c5.001.5(100)$dO$eTE96112
=985  \\$aCONFERENCE ANALYTIC RECORDS EXIST
=985  \\$aISSN responsibility passed to ISSN Germany (01/04/19)
=A02  \\$a2049428
=ACF  \\$aPrevious Copyright Fee: GBP9.68$c0$e01-apr-2012$fGBP9.68$g0$hC$5Uk
=ACF  \\$aPrevious Copyright Fee: GBP9.00$c0$e01-jan-2012$fGBP9.00$g0$hC$5Uk
=ACF  \\$aPrevious Copyright Fee: GBP9.00$c0$e01-oct-2011$fGBP9.00$g0$hC$5Uk
=ACF  \\$aPrevious copyright fee: GBP10.50$c0$e01-jan-2011$fGBP10.50$g0$hA$5Uk
=ACF  \\$aBritish Library not licensed to copy$c0$e01-Jan-2010$hC$iCLA Excluded$5Uk
=ACF  \\$aPrevious Copyright Fee: GBP10.71$c0$e01-jul-2009$fGBP10.71$g0$hC$5Uk
=ACF  \\$aPrevious Copyright Fee: GBP10.71$c0$e01-apr-2009$fGBP10.71$g0$hC$5Uk
=ACF  \\$aPrevious Copyright Fee: GBP9.38$c0$e01-jan-2009$fGBP9.38$g0$hC$5Uk
=ACF  \\$aPrevious Copyright Fee: GBP7.50$c0$e01-oct-2008$fGBP7.50$g0$hC$5Uk
=ACF  \\$aPrevious Copyright Fee: GBP7.50$c0$e01-jul-2008$fGBP7.50$g0$hC$5Uk
=ACF  \\$aPrevious Copyright Fee: GBP7.50$c0$e01-apr-2008$fGBP7.50$g0$hC$5Uk
=ACF  \\$aPrevious Copyright Fee: GBP7.50$c0$e01-jan-2008$fGBP7.50$g0$hC$5Uk
=ACF  \\$aPrevious Copyright Fee: GBP7.50$c0$e01-oct-2007$fGBP7.50$g0$hC$5Uk
=ACF  \\$aPrevious Copyright Fee: GBP7.50$c0$e01-jul-2007$fGBP7.50$g0$hC$5Uk
=ACF  \\$aPrevious Copyright Fee: GBP7.69$c0$e01-apr-2007$fGBP7.69$g0$hC$5Uk
=ACF  \\$aPrevious Copyright Fee: GBP8.11$c0$e01-jan-2007$fGBP8.11$g0$hC$5Uk
=ACF  \\$aPrevious Copyright Fee: GBP8.11$c0$e01-oct-2006$fGBP8.11$g0$hC$5Uk
=ACF  \\$aPrevious Copyright Fee: GBP8.57$c0$e01-jul-2006$fGBP8.57$g0$hC$5Uk
=ACF  \\$aPrevious Copyright Fee: GBP8.57$c0$e01-apr-2006$fGBP8.57$g0$hC$5Uk
=ACF  \\$aPrevious Copyright Fee: GBP8.33$c0$e01-jan-2006$fGBP8.33$g0$hC$5Uk
=ACF  \\$aPrevious Copyright Fee: GBP8.11$c0$e01-oct-2005$fGBP8.11$g0$hC$5Uk
=ACF  \\$aPrevious Copyright Fee: GBP8.11$c0$e01-jul-2005$fGBP8.11$g0$hC$5Uk
=ACF  \\$aPrevious Copyright Fee: GBP8.11$c0$e01-apr-2005$fGBP8.11$g0$hC$5Uk
=ACF  \\$aPrevious Copyright Fee: GBP8.33$c0$e01-jan-2005$fGBP8.33$g0$hC$5Uk
=ACF  \\$aPrevious Copyright Fee: GBP8.11$c0$e01-oct-2004$fGBP8.11$g0$hC$5Uk
=ACF  \\$aPrevious copyright fee: GBP8.11$c0$e01-apr-2004$fGBP8.11$g0$hC$5Uk
=ACF  \\$aCurrent copyright fee: GBP8.82$c0$e01-jan-2004$fGBP8.82$g0$hC$5Uk
=ACF  \\$aCurrent copyright fee: GBP9.38$c0$e01-jan-2003$fGBP9.38$g0$hC$5Uk
=ACF  \\$aPrevious Copyright Fee: GBP9.09$c0$e01-jul-2012$fGBP9.09$g0$hC$5Uk
=ACF  \\$aPrevious Copyright Fee: GBP9.68$c0$e01-oct-2012$fGBP9.68$g0$hC$5Uk
=ACF  \\$aPrevious Copyright Fee: GBP9.38$c0$e01-jan-2013$fGBP9.38$g0$hC$5Uk
=ACF  \\$aPrevious Copyright Fee: GBP9.68$c0$e01-jul-2013$fGBP9.68$g0$hC$5Uk
=CAT  \\$aCONV$b00$c20040425$lBLL90$h0544
=CAT  \\$aBATCH-CLA$b00$c20120531$lBLL01$h1707
=CAT  \\$aBATCH-UPD$b00$c20120614$lBLL01$h2133
=CAT  \\$aIPL-CLA$c20120629$lBLL01$h1017
=CAT  \\$aBATCH-CLA$b00$c20120831$lBLL01$h1527
=CAT  \\$aIPL-CLA$c20120930$lBLL01$h2050
=CAT  \\$a10997$b40$c20121002$lBLL01$h1431
=CAT  \\$a10997$b40$c20121002$lBLL01$h1433
=CAT  \\$aBATCH-CLA$b00$c20121107$lBLL01$h1915
=CAT  \\$aBATCH-CLA$b00$c20121130$lBLL01$h1243
=CAT  \\$aIPL-CLA$c20121231$lBLL01$h1300
=CAT  \\$aIPL-CLA$c20130102$lBLL01$h1711
=CAT  \\$aWR13.005$c20130323$lBLL01$h1338
=CAT  \\$aBATCH-CLA$b00$c20130531$lBLL01$h1638
=CAT  \\$aIPL-CLA$c20130701$lBLL01$h0028
=CAT  \\$aBATCH-CLA$b00$c20130830$lBLL01$h1619
=CAT  \\$aIPL-CLA$c20130930$lBLL01$h1733
=CAT  \\$a5552$b40$c20131106$lBLL01$h1440
=CAT  \\$aIPL-CLA$c20131231$lBLL01$h2145
=CAT  \\$a8323$b40$c20140304$lBLL01$h0924
=CAT  \\$a8323$b40$c20140304$lBLL01$h0925
=CAT  \\$aCDS15-UPD$b40$c20140630$lBLL01$h1053
=CAT  \\$aBLDSS-3PM$b00$c20150111$lBLL01$h1520
=CAT  \\$aBATCH-UPD$b00$c20160524$lBLL01$h2235
=CAT  \\$aBATCH-UPD$b00$c20160525$lBLL01$h0421
=CAT  \\$a10806$b40$c20190401$lBLL01$h0846
=CFI  0\$aCurrent copyright fee: GBP27.00$c56\0$e01-jan-2014$fGBP27.00$g0$hP$5Uk
=CFI  2\$aPrevious Copyright Fee: GBP9.00$c0$e01-oct-2013$fGBP9.00$g0$hC$5Uk
=FFP  \\$aY$bBLDSS-3PM
=FIN  \\$aY
=FMT  \\$a  SE
=LAS  \\$a10806$b40$c20190401$lBLL01$h0846
=LEO  \\$aMP5.0000504849
=LEO  \\$aMP10.0000141939
=LEO  \\$aMP22.0000008030
=LEO  \\$aMP25.0000021297
=SRC  \\$aBNB03$bbibmp5.200404.2.aa
=SRC  \\$aDSS01$bbibmp10.200404.2.aa
=SRC  \\$aISN01$bbibmp22.200404.2.aa
=SRC  \\$aSRI01$bbibmp25.200404.2.aa
=TCO  \\$aCLA$bCLA$c008
=TOC  \\$aETOC
=UNO  \\$aY

