=LDR  07390cas a2201537 a 4500
=001  010995781
=003  Uk
=005  20230210005514.0
=007  ta
=008  791122d19791991enkqr\p\\\s\\\0\\\a0eng\\
=015  \\$aGB8010970$2bnb
=019  y\$aB8010970
=019  9\$ab8010970
=019  c\$a2178248
=019  0\$as158550005
=022  0\$a0142-1921
=040  \\$aUk$cUk$dUk
=082  04$a338.476773105$218
=084  \\$aMN 83$2blsrissc
=210  0\$aWool q.
=222  \0$aWool quarterly
=245  00$aWool quarterly.
=260  \\$aLondon :$bCommonwealth Secretariat,$c1979-1991.
=300  \\$av. ;$c30 cm.
=310  \\$aQuarterly
=336  \\$atext$2rdacontent
=337  \\$aunmediated$2rdamedia
=338  \\$avolume$2rdacarrier
=362  0\$aVol. 1, no. 1 (Jan. 1979)-
=500  \\$a"Produced in conjunction with the International Wool Study Group and the International Wool Textile Organisation."
=540  \\$aCurrent Copyright Fee: GBP25.00$c0$5Uk
=595  \\$aCEASED PUBLICATION.
=650  \0$aWool trade and industry$vPeriodicals.
=653  \\$aWool industries & trades$aPeriodicals
=690  7\$aManagement and Business Studies$2blcoll
=710  2\$aCommonwealth Secretariat.
=710  2\$aInternational Wool Textile Organisation.
=710  2\$aInternational Wool Study Group.
=780  01$tWool intelligence and fibres supplement$x0043-7816
=785  00$tInternational wool textile overview$x0965-7592
=852  41$aBritish Library$bHMNTS$jBS.12/44$3Vol.1, no.2; vol.1, no.3
=852  41$aBritish Library$bDSC$j9347.295000$3Vol. 1, no. 1 (1979)-no. 4 (1991)***UKRR Retained Title
=852  71$aBritish Library$bSTI$k(P)$hMN 83$m-E(16)$2blsrissc$31979-1991; Vol.1, no.1-3; 1979, no.4 - 1991
=945  \\$aWOOL QUARTERLY.
=959  \\$fHeld but not currently received
=963  \\$a1, 1979- [13], 1991 *A=1$bN$cOP.1100.203.018
=985  \\$aResponsibility for ISSN transferred to the IC from the UK Centre, 29.10.08
=A02  \\$a2178248
=ACF  \\$aPrevious Copyright Fee: GBP12.00$c0$e01-apr-2012$fGBP12.00$g0$hC$5Uk
=ACF  \\$aPrevious Copyright Fee: GBP12.00$c0$e01-jan-2012$fGBP12.00$g0$hC$5Uk
=ACF  \\$aPrevious Copyright Fee: GBP10.50$c0$e01-oct-2011$fGBP10.50$g0$hC$5Uk
=ACF  \\$aPrevious Copyright Fee: GBP10.50$c0$e01-jul-2011$fGBP10.50$g0$hC$5Uk
=ACF  \\$aPrevious Copyright Fee: GBP10.50$c0$e01-apr-2011$fGBP10.50$g0$hC$5Uk
=ACF  \\$aPrevious Copyright Fee: GBP10.50$c0$e01-jan-2011$fGBP10.50$g0$hC$5Uk
=ACF  \\$aPrevious Copyright Fee: GBP9.00$c0$e01-oct-2010$fGBP9.00$g0$hC$5Uk
=ACF  \\$aPrevious Copyright Fee: GBP9.00$c0$e01-jul-2010$fGBP9.00$g0$hC$5Uk
=ACF  \\$aPrevious Copyright Fee: GBP9.00$c0$e01-apr-2010$fGBP9.00$g0$hC$5Uk
=ACF  \\$aPrevious Copyright Fee: GBP9.00$c0$e01-Jan-2010$fGBP9.00$g0$hC$5Uk
=ACF  \\$aPrevious Copyright Fee: GBP6.00$c0$e01-oct-2009$fGBP6.00$g0$hC$5Uk
=ACF  \\$aPrevious Copyright Fee: GBP6.00$c0$e01-jul-2009$fGBP6.00$g0$hC$5Uk
=ACF  \\$aPrevious Copyright Fee: GBP6.00$c0$e01-apr-2009$fGBP6.00$g0$hC$5Uk
=ACF  \\$aPrevious Copyright Fee: GBP6.00$c0$e01-jan-2009$fGBP6.00$g0$hC$5Uk
=ACF  \\$aPrevious Copyright Fee: GBP6.00$c0$e01-oct-2008$fGBP6.00$g0$hC$5Uk
=ACF  \\$aPrevious Copyright Fee: GBP6.00$c0$e01-jul-2008$fGBP6.00$g0$hC$5Uk
=ACF  \\$aPrevious Copyright Fee: GBP6.00$c0$e01-apr-2008$fGBP6.00$g0$hC$5Uk
=ACF  \\$aPrevious Copyright Fee: GBP6.00$c0$e01-jan-2008$fGBP6.00$g0$hC$5Uk
=ACF  \\$aPrevious Copyright Fee: GBP5.00$c0$e01-oct-2007$fGBP5.00$g0$hC$5Uk
=ACF  \\$aPrevious Copyright Fee: GBP5.00$c0$e01-jul-2007$fGBP5.00$g0$hC$5Uk
=ACF  \\$aPrevious Copyright Fee: GBP5.00$c0$e01-apr-2007$fGBP5.00$g0$hC$5Uk
=ACF  \\$aPrevious Copyright Fee: GBP5.00$c0$e01-jan-2007$fGBP5.00$g0$hC$5Uk
=ACF  \\$aPrevious Copyright Fee: GBP5.00$c0$e01-oct-2006$fGBP5.00$g0$hC$5Uk
=ACF  \\$aPrevious Copyright Fee: GBP5.00$c0$e01-jul-2006$fGBP5.00$g0$hC$5Uk
=ACF  \\$aPrevious Copyright Fee: GBP5.00$c0$e01-apr-2006$fGBP5.00$g0$hC$5Uk
=ACF  \\$aPrevious Copyright Fee: GBP5.00$c0$e01-jan-2006$fGBP5.00$g0$hC$5Uk
=ACF  \\$aPrevious Copyright Fee: GBP5.00$c0$e01-oct-2005$fGBP5.00$g0$hC$5Uk
=ACF  \\$aPrevious Copyright Fee: GBP5.00$c0$e01-jul-2005$fGBP5.00$g0$hC$5Uk
=ACF  \\$aPrevious Copyright Fee: GBP5.00$c0$e01-apr-2005$fGBP5.00$g0$hC$5Uk
=ACF  \\$aPrevious Copyright Fee: GBP5.00$c0$e01-jan-2005$fGBP5.00$g0$hC$5Uk
=ACF  \\$aPrevious Copyright Fee: GBP5.00$c0$e01-oct-2004$fGBP5.00$g0$hC$5Uk
=ACF  \\$aPrevious copyright fee: GBP5.00$c0$e01-jul-2002$fGBP5.00$g0$hC$5Uk
=ACF  \\$aCurrent copyright fee: GBP2.50$c0$e01-jul-1998$fGBP2.50$g0$hC$5Uk
=ACF  \\$aCurrent copyright fee: GBP2.30$c0$e01-apr-1997$fGBP2.30$g0$hC$5Uk
=ACF  \\$aPrevious Copyright Fee: GBP12.00$c0$e01-jul-2012$fGBP12.00$g0$hC$5Uk
=ACF  \\$aPrevious Copyright Fee: GBP12.00$c0$e01-oct-2012$fGBP12.00$g0$hC$5Uk
=ACF  \\$aPrevious Copyright Fee: GBP12.30$c0$e01-jan-2014$fGBP12.30$g0$hC$5Uk
=ACF  \\$aPrevious Copyright Fee: GBP15.00$c0$e01-jan-2017$fGBP15.00$g0$hC$5Uk
=ACF  \\$aPrevious Copyright Fee: GBP17.50$c0$e01-jan-2018$fGBP17.50$g0$hC$5Uk
=ACF  \\$aPrevious Copyright Fee: GBP20.00$c0$e01-jan-2020$fGBP20.00$g0$hC$5Uk
=ACF  \\$aPrevious Copyright Fee: GBP22.50$c0$e01-jan-2021$fGBP22.50$g0$hC$5Uk
=CAT  \\$aCONV$b00$c20040425$lBLL90$h0544
=CAT  \\$aIPL-CLA$c20110930$lBLL01$h1532
=CAT  \\$aBATCH-CLA$b00$c20111130$lBLL01$h1208
=CAT  \\$aIPL-CLA$c20111230$lBLL01$h1900
=CAT  \\$aBATCH-CLA$b00$c20120229$lBLL01$h1611
=CAT  \\$aIPL-CLA$c20120330$lBLL01$h1419
=CAT  \\$aBATCH-CLA$b00$c20120531$lBLL01$h1713
=CAT  \\$aIPL-CLA$c20120629$lBLL01$h1017
=CAT  \\$aBATCH-CLA$b00$c20120831$lBLL01$h1540
=CAT  \\$aIPL-CLA$c20120930$lBLL01$h2050
=CAT  \\$aBATCH-CLA$b00$c20121107$lBLL01$h1915
=CAT  \\$aWR13.005$c20130323$lBLL01$h1338
=CAT  \\$aBATCH-CLA$b00$c20131129$lBLL01$h1636
=CAT  \\$aIPL-CLA$c20131231$lBLL01$h2145
=CAT  \\$aWR14_140$c20140905$lBLL01$h1745
=CAT  \\$aBATCH-CLA$b00$c20161130$lBLL01$h1634
=CAT  \\$aIPL-CLA$c20161230$lBLL01$h1956
=CAT  \\$aBATCH-CLA$b00$c20171130$lBLL01$h1704
=CAT  \\$aIPL-CLA$c20171231$lBLL01$h1527
=CAT  \\$aBATCH-CLA$b00$c20191129$lBLL01$h1627
=CAT  \\$aIPL-CLA$c20191231$lBLL01$h1837
=CAT  \\$aBATCH-CLA$b00$c20201126$lBLL01$h1405
=CAT  \\$aIPL-CLA$c20201231$lBLL01$h2050
=CAT  \\$a10969$b40$c20220506$lBLL01$h0920
=CAT  \\$aBATCH-CLA$b00$c20221130$lBLL01$h1442
=CAT  \\$aIPL-CLA$c20221231$lBLL01$h1958
=CAT  \\$aBATCH-CLA$b00$c20230209$lBLL01$h1529
=CAT  \\$aIPL-CLA$c20230210$lBLL01$h0055
=CFI  0\$aCurrent Copyright Fee: GBP25.00$c0$e09-feb-2023$fGBP25.00$g0$hC$5Uk
=CFI  2\$aBritish Library not licensed to copy$c0$e01-jan-2023$hC$iCFP Excluded$5Uk
=FIN  \\$aY
=FMT  \\$a  SE
=LAS  \\$aIPL-CLA$b00$c20230210$lBLL01$h0055
=LEO  \\$aMP5.0000505195
=LEO  \\$aMP10.0000614314
=LEO  \\$aMP22.0000005328
=LEO  \\$aMP25.0000059709
=SRC  \\$aBNB03$bbibmp5.200404.2.aa
=SRC  \\$aDSS01$bbibmp10.200404.2.aa
=SRC  \\$aISN01$bbibmp22.200404.2.aa
=SRC  \\$aSRI01$bbibmp25.200404.2.aa
=TCO  \\$aCLA$bCLA$c008

