=LDR  07557cas a2201525 i 4500
=001  010995961
=003  Uk
=005  20230210005514.0
=007  ta
=008  791108c19789999enkfr\p\\\\\\\0\\\a0eng\\
=015  \\$aGB8014900$2bnb
=019  c\$a2078496
=019  y\$aB8014900
=019  9\$ab8014900
=019  0\$as503459003
=022  0\$a0142-1891
=040  \\$aUk$cUk$dUk
=082  04$a338.4/7/675$218
=084  \\$aEK 23$2blsrissc
=210  0\$aHides skins$b(1978)
=222  \0$aHides and skins$b(1978)
=245  00$aHides and skins.
=260  \\$aLondon :$bCommonwealth Secretariat,$c1978-
=300  \\$av. ;$c30 cm.
=310  \\$aTwice a year
=336  \\$atext$2rdacontent
=337  \\$aunmediated$2rdamedia
=338  \\$avolume$2rdacarrier
=362  0\$a[Vol.1, no.1]- ; Dec. 1978-
=540  \\$aCurrent Copyright Fee: GBP25.00$c0$5Uk
=580  \\$aPreviously published: as 'Hides and skins quarterly'.
=595  \\$aFORMERLY 4303.720 CHANGE BETWEEN VOL. 16(4), 1976 AND DEC. 1978 SEE ALSO SERIAL RECORDS STATS.
=650  \0$aHides and skins industry$vStatistics$vPeriodicals.
=653  \\$aHides industries & trades$aStatistics$aPeriodicals
=690  7\$aManagement and Business Studies$2blcoll
=710  2\$aCommonwealth Secretariat.
=780  10$tHides and skins quarterly$x0018-1307
=852  41$aBritish Library$bDSC$j4303.714000$3DEC. 1978- 1986(1) *A=1
=852  41$aBritish Library$bHMNTS$jBS.12/45$3June 1979-June 1981
=852  71$aBritish Library$bSTI$k(P)$hEK 23$m-E(1)$2blsrissc$31978-1988; 1978, [no.2] - 1988, no.1. ; Deficient: 1979-1983, no.1 ; 1984 ; 1985, no.1
=886  2\$2ukmarc$a945$b00$aHides and skins quarterly$xFor later issues of this periodical see$aHides and skins$z245
=886  2\$2ukmarc$a945$b00$aHides and skins$xFor earlier issues of this periodical see$aHides and skins quarterly$z245
=945  \\$aHIDES AND SKINS.
=959  \\$fHeld but not currently received
=963  \\$a1979- 1988 *A=1$bN$cOP.1100.203.016
=985  \\$aResponsibility for ISSN transferred to the IC from ISSN UK, 29.10.08
=ACF  \\$aPrevious Copyright Fee: GBP12.00$c0$e01-apr-2012$fGBP12.00$g0$hC$5Uk
=ACF  \\$aPrevious Copyright Fee: GBP12.00$c0$e01-jan-2012$fGBP12.00$g0$hC$5Uk
=ACF  \\$aPrevious Copyright Fee: GBP10.50$c0$e01-oct-2011$fGBP10.50$g0$hC$5Uk
=ACF  \\$aPrevious Copyright Fee: GBP10.50$c0$e01-jul-2011$fGBP10.50$g0$hC$5Uk
=ACF  \\$aPrevious Copyright Fee: GBP10.50$c0$e01-apr-2011$fGBP10.50$g0$hC$5Uk
=ACF  \\$aPrevious Copyright Fee: GBP10.50$c0$e01-jan-2011$fGBP10.50$g0$hC$5Uk
=ACF  \\$aPrevious Copyright Fee: GBP9.00$c0$e01-oct-2010$fGBP9.00$g0$hC$5Uk
=ACF  \\$aPrevious Copyright Fee: GBP9.00$c0$e01-jul-2010$fGBP9.00$g0$hC$5Uk
=ACF  \\$aPrevious Copyright Fee: GBP9.00$c0$e01-apr-2010$fGBP9.00$g0$hC$5Uk
=ACF  \\$aPrevious Copyright Fee: GBP9.00$c0$e01-Jan-2010$fGBP9.00$g0$hC$5Uk
=ACF  \\$aPrevious Copyright Fee: GBP6.00$c0$e01-oct-2009$fGBP6.00$g0$hC$5Uk
=ACF  \\$aPrevious Copyright Fee: GBP6.00$c0$e01-jul-2009$fGBP6.00$g0$hC$5Uk
=ACF  \\$aPrevious Copyright Fee: GBP6.00$c0$e01-apr-2009$fGBP6.00$g0$hC$5Uk
=ACF  \\$aPrevious Copyright Fee: GBP6.00$c0$e01-jan-2009$fGBP6.00$g0$hC$5Uk
=ACF  \\$aPrevious Copyright Fee: GBP6.00$c0$e01-oct-2008$fGBP6.00$g0$hC$5Uk
=ACF  \\$aPrevious Copyright Fee: GBP6.00$c0$e01-jul-2008$fGBP6.00$g0$hC$5Uk
=ACF  \\$aPrevious Copyright Fee: GBP6.00$c0$e01-apr-2008$fGBP6.00$g0$hC$5Uk
=ACF  \\$aPrevious Copyright Fee: GBP6.00$c0$e01-jan-2008$fGBP6.00$g0$hC$5Uk
=ACF  \\$aPrevious Copyright Fee: GBP5.00$c0$e01-oct-2007$fGBP5.00$g0$hC$5Uk
=ACF  \\$aPrevious Copyright Fee: GBP5.00$c0$e01-jul-2007$fGBP5.00$g0$hC$5Uk
=ACF  \\$aPrevious Copyright Fee: GBP5.00$c0$e01-apr-2007$fGBP5.00$g0$hC$5Uk
=ACF  \\$aPrevious Copyright Fee: GBP5.00$c0$e01-jan-2007$fGBP5.00$g0$hC$5Uk
=ACF  \\$aPrevious Copyright Fee: GBP5.00$c0$e01-oct-2006$fGBP5.00$g0$hC$5Uk
=ACF  \\$aPrevious Copyright Fee: GBP5.00$c0$e01-jul-2006$fGBP5.00$g0$hC$5Uk
=ACF  \\$aPrevious Copyright Fee: GBP5.00$c0$e01-apr-2006$fGBP5.00$g0$hC$5Uk
=ACF  \\$aPrevious Copyright Fee: GBP5.00$c0$e01-jan-2006$fGBP5.00$g0$hC$5Uk
=ACF  \\$aPrevious Copyright Fee: GBP5.00$c0$e01-oct-2005$fGBP5.00$g0$hC$5Uk
=ACF  \\$aPrevious Copyright Fee: GBP5.00$c0$e01-jul-2005$fGBP5.00$g0$hC$5Uk
=ACF  \\$aPrevious Copyright Fee: GBP5.00$c0$e01-apr-2005$fGBP5.00$g0$hC$5Uk
=ACF  \\$aPrevious Copyright Fee: GBP5.00$c0$e01-jan-2005$fGBP5.00$g0$hC$5Uk
=ACF  \\$aPrevious Copyright Fee: GBP5.00$c0$e01-oct-2004$fGBP5.00$g0$hC$5Uk
=ACF  \\$aPrevious copyright fee: GBP5.00$c0$e01-jul-2002$fGBP5.00$g0$hC$5Uk
=ACF  \\$aCurrent copyright fee: GBP4.40$c0$e01-jul-1998$fGBP4.40$g0$hA$5Uk
=ACF  \\$aCurrent copyright fee: GBP4.20$c0$e01-apr-1997$fGBP4.20$g0$hA$5Uk
=ACF  \\$aPrevious Copyright Fee: GBP12.00$c0$e01-jul-2012$fGBP12.00$g0$hC$5Uk
=ACF  \\$aPrevious Copyright Fee: GBP12.00$c0$e01-oct-2012$fGBP12.00$g0$hC$5Uk
=ACF  \\$aPrevious Copyright Fee: GBP12.30$c0$e01-jan-2014$fGBP12.30$g0$hC$5Uk
=ACF  \\$aPrevious Copyright Fee: GBP15.00$c0$e01-jan-2017$fGBP15.00$g0$hC$5Uk
=ACF  \\$aPrevious Copyright Fee: GBP17.50$c0$e01-jan-2018$fGBP17.50$g0$hC$5Uk
=ACF  \\$aPrevious Copyright Fee: GBP20.00$c0$e01-jan-2020$fGBP20.00$g0$hC$5Uk
=ACF  \\$aPrevious Copyright Fee: GBP22.50$c0$e01-jan-2021$fGBP22.50$g0$hC$5Uk
=CAT  \\$aWR09-126
=CAT  \\$aBATCH-CLA$b00$c20110831$lBLL01$h1742
=CAT  \\$aIPL-CLA$c20110930$lBLL01$h1532
=CAT  \\$aBATCH-CLA$b00$c20111130$lBLL01$h1202
=CAT  \\$aIPL-CLA$c20111230$lBLL01$h1900
=CAT  \\$aBATCH-CLA$b00$c20120229$lBLL01$h1619
=CAT  \\$aIPL-CLA$c20120330$lBLL01$h1419
=CAT  \\$aBATCH-CLA$b00$c20120531$lBLL01$h1711
=CAT  \\$aIPL-CLA$c20120629$lBLL01$h1017
=CAT  \\$aBATCH-CLA$b00$c20120831$lBLL01$h1541
=CAT  \\$aIPL-CLA$c20120930$lBLL01$h2050
=CAT  \\$aBATCH-CLA$b00$c20121107$lBLL01$h1915
=CAT  \\$aWR13.005$c20130323$lBLL01$h1338
=CAT  \\$aBATCH-CLA$b00$c20131129$lBLL01$h1636
=CAT  \\$aIPL-CLA$c20131231$lBLL01$h2145
=CAT  \\$aWR14_140$c20140905$lBLL01$h1745
=CAT  \\$aBATCH-CLA$b00$c20161130$lBLL01$h1642
=CAT  \\$aIPL-CLA$c20161230$lBLL01$h1956
=CAT  \\$aBATCH-CLA$b00$c20171130$lBLL01$h1649
=CAT  \\$aIPL-CLA$c20171231$lBLL01$h1527
=CAT  \\$aBATCH-CLA$b00$c20191129$lBLL01$h1620
=CAT  \\$aIPL-CLA$c20191231$lBLL01$h1837
=CAT  \\$aBATCH-CLA$b00$c20201126$lBLL01$h1411
=CAT  \\$aIPL-CLA$c20201231$lBLL01$h2050
=CAT  \\$aBATCH-CLA$b00$c20221130$lBLL01$h1442
=CAT  \\$aIPL-CLA$c20221231$lBLL01$h1958
=CAT  \\$aBATCH-CLA$b00$c20230209$lBLL01$h1529
=CAT  \\$aIPL-CLA$c20230210$lBLL01$h0055
=CFI  0\$aCurrent Copyright Fee: GBP25.00$c0$e09-feb-2023$fGBP25.00$g0$hC$5Uk
=CFI  2\$aBritish Library not licensed to copy$c0$e01-jan-2023$hC$iCFP Excluded$5Uk
=FIN  \\$aY
=FMT  \\$a  SE
=LAS  \\$aIPL-CLA$b00$c20230210$lBLL01$h0055
=LEO  \\$aMP10.0000264671
=LEO  \\$aMP5.0000505727
=LEO  \\$aMP22.0000005325
=LEO  \\$aMP25.0000193934
=LKR  \\$aPAR$b009202529$lBLL01$r78010$mHides and skins (1978)$nHides and skins quarterly
=SRC  \\$aDSS01$bbibmp10.200404.2.aa
=SRC  \\$aBNB03$bbibmp5.200404.2.aa
=SRC  \\$aISN01$bbibmp22.200404.2.aa
=SRC  \\$aSRI01$bbibmp25.200404.2.aa
=TCO  \\$aCLA$bCLA$c008

