=LDR  05907aas a2201297 a 4500
=001  010996607
=003  Uk
=005  20140515134332.0
=007  ta
=008  800722c19809999mdumr\p\\\\\\\0\\\a0eng\\
=015  \\$aGB8023329$2bnb
=019  y\$aB8023329
=019  9\$ab8023329
=019  c\$a2118195
=019  0\$as505734001
=022  0\$a0143-3636
=040  \\$aUk$cUk$dUk
=050  00$aR895.A1
=082  04$a616.07575$221
=084  \\$aGQ 20$2blsrissc
=210  0\$aNucl. med. commun.
=222  \0$aNuclear medicine communications
=245  00$aNuclear medicine communications.
=260  \\$aLondon :$bChapman and Hall [for] the British Nuclear Medicine Society,$c1980-
=264  31$aHagerstown, Md. :$bLippincott Williams & Wilkins
=300  \\$av. :$bill. ;$c24 cm.
=310  \\$aMonthly
=336  \\$atext$2rdacontent
=337  \\$aunmediated$2rdamedia
=338  \\$avolume$2rdacarrier
=362  0\$aVol. 1, no. 1 (Mar. 1980)-
=540  \\$aCurrent copyright fee: GBP32.00$c20\0$5Uk
=588  \\$aLatest issue consulted: volume 35, number 5 (May 2014).
=595  \\$aABSORBS 1087.646.
=650  \0$aNuclear medicine$vPeriodicals.
=710  2\$aBritish Nuclear Medicine Society.
=776  0\$tNuclear medicine communications (Online)$x1473-5628
=852  41$aBritish Library$bDSC$j6180.923000$3Vol. 1, no. 1 (1980)-v. 32, no. 12 (2011)***UKRR Retained Title
=852  71$aBritish Library$bSTI$k(P)$hGQ 20$m-E(53)$2blsrissc$3Vol. 1 (1980)- ; Deficient: vol.11, no.5, 7, 1990-vol. 35 no. 6 (Jun. 2014)
=856  \\$31850-9999$uhttp://journals.lww.com$xBLDSS
=945  \\$aNuclear medicine communications.
=959  \\$fHeld but not currently received
=963  \\$aVOL. 1, 1980- *A=1 SEE ALSO P300.C.397$bN$cP300.B.423
=985  \\$aISSN note: responsibility for ISSN transferred from UK ISSN Centre to U.S. ISSN Center under a multinational publisher agreement, 15.05.14.
=A02  \\$a2118195
=ACF  \\$aPrevious copyright fee: GBP21.65$c20\0$e01-jul-2011$fGBP21.65$g0$hP$5Uk
=ACF  \\$aPrevious copyright fee: GBP19.35$c20\0$e01-jul-2010$fGBP19.35$g0$hP$5Uk
=ACF  \\$aPrevious copyright fee: GBP18.18$c20\0$e01-oct-2009$fGBP18.18$g0$hP$5Uk
=ACF  \\$aPrevious copyright fee: GBP21.43$c20\0$e01-apr-2009$fGBP21.43$g0$hP$5Uk
=ACF  \\$aPrevious copyright fee: GBP18.75$c20\0$e01-jan-2009$fGBP18.75$g0$hP$5Uk
=ACF  \\$aPrevious copyright fee: GBP15.00$c20\0$e01-jul-2007$fGBP15.00$g0$hP$5Uk
=ACF  \\$aPrevious copyright fee: GBP15.38$c20\0$e01-apr-2007$fGBP15.38$g0$hP$5Uk
=ACF  \\$aPrevious copyright fee: GBP16.22$c20\0$e01-oct-2006$fGBP16.22$g0$hP$5Uk
=ACF  \\$aPrevious copyright fee: GBP17.14$c20\0$e01-apr-2006$fGBP17.14$g0$hP$5Uk
=ACF  \\$aPrevious copyright fee: GBP16.67$c20\0$e01-jan-2006$fGBP16.67$g0$hP$5Uk
=ACF  \\$aPrevious copyright fee: GBP16.22$c20\0$e01-apr-2005$fGBP16.22$g0$hP$5Uk
=ACF  \\$aPrevious copyright fee: GBP16.53$c20\0$e01-jan-2005$fGBP16.53$g0$hP$5Uk
=ACF  \\$aPrevious copyright fee: GBP16.08$c20\0$e01-apr-2004$fGBP16.08$g0$hP$5Uk
=ACF  \\$aCurrent copyright fee: GBP17.50$c20\0$e01-jan-2004$fGBP17.50$g0$hP$5Uk
=ACF  \\$aCurrent copyright fee: GBP15.63$c20\0$e01-jan-2003$fGBP15.63$g0$hP$5Uk
=ACF  \\$aPrevious copyright fee: GBP30.32$c20\0$e07-may-2012$fGBP30.32$g0$hP$5Uk
=ACF  \\$aPrevious copyright fee: GBP28.48$c20\0$e01-jul-2012$fGBP28.48$g0$hP$5Uk
=ACF  \\$aPrevious copyright fee: GBP29.38$c20\0$e01-jan-2013$fGBP29.38$g0$hP$5Uk
=ACF  \\$aPrevious copyright fee: GBP30.32$c20\0$e01-jul-2013$fGBP30.32$g0$hP$5Uk
=ACF  \\$aPrevious copyright fee: GBP29.38$c20\0$e01-jan-2014$fGBP29.38$g0$hP$5Uk
=ACF  \\$aPrevious copyright fee: GBP28.48$c20\0$e01-jul-2014$fGBP28.48$g0$hP$5Uk
=ACF  \\$aPrevious copyright fee: GBP30.32$c20\0$e01-apr-2015$fGBP30.32$g0$hP$5Uk
=ACF  \\$aPrevious copyright fee: GBP31.33$c20\0$e01-jul-2015$fGBP31.33$g0$hP$5Uk
=CAT  \\$aCONV$b00$c20040425$lBLL90$h0544
=CAT  \\$aBATCH-UPD$b00$c20121121$lBLL01$h1614
=CAT  \\$aIPL-CLA$c20121231$lBLL01$h1300
=CAT  \\$aIPL-CLA$c20130102$lBLL01$h1711
=CAT  \\$aWR13.005$c20130323$lBLL01$h1338
=CAT  \\$aBATCH-UPD$b00$c20130522$lBLL01$h1717
=CAT  \\$aIPL-CLA$c20130701$lBLL01$h0028
=CAT  \\$aBATCH-UPD$b00$c20131119$lBLL01$h2007
=CAT  \\$aIPL-CLA$c20131231$lBLL01$h2145
=CAT  \\$a11315$b40$c20140514$lBLL01$h1513
=CAT  \\$a11315$b40$c20140515$lBLL01$h1336
=CAT  \\$a11315$b40$c20140515$lBLL01$h1343
=CAT  \\$aBATCH-UPD$b40$c20140527$lBLL01$h2034
=CAT  \\$aBATCH-CLA$c20140528$lBLL01$h1731
=CAT  \\$aIPL-CLA$c20140630$lBLL01$h1711
=CAT  \\$aBLDSS-3PM$b00$c20141116$lBLL01$h1731
=CAT  \\$aBATCH-UPD$b00$c20150219$lBLL01$h1727
=CAT  \\$aIPL-CLA$c20150331$lBLL01$h1627
=CAT  \\$aBATCH-UPD$b00$c20150520$lBLL01$h1738
=CAT  \\$aIPL-CLA$c20150630$lBLL01$h1639
=CAT  \\$aBATCH-UPD$b00$c20150820$lBLL01$h1823
=CAT  \\$aIPL-CLA$c20150930$lBLL01$h1754
=CAT  \\$aBATCH-UPD$b00$c20160217$lBLL01$h1711
=CAT  \\$aIPL-CLA$c20160331$lBLL01$h1713
=CAT  \\$aBATCH-UPD$b00$c20160524$lBLL01$h2155
=CAT  \\$aBATCH-UPD$b00$c20160524$lBLL01$h2239
=CFI  0\$aCurrent copyright fee: GBP32.00$c20\0$e01-apr-2016$fGBP32.00$g0$hP$5Uk
=CFI  2\$aPrevious copyright fee: GBP30.32$c20\0$e01-oct-2015$fGBP30.32$g0$hP$5Uk
=FFP  \\$aY$bBLDSS-3PM
=FIN  \\$aY
=FMT  \\$a  SE
=LAS  \\$aBATCH-UPD$b00$c20160524$lBLL01$h2239
=LEO  \\$aMP5.0000507364
=LEO  \\$aMP10.0000413282
=LEO  \\$aMP22.0000006438
=LEO  \\$aMP25.0000196206
=SRC  \\$aBNB03$bbibmp5.200404.2.aa
=SRC  \\$aDSS01$bbibmp10.200404.2.aa
=SRC  \\$aISN01$bbibmp22.200404.2.aa
=SRC  \\$aSRI01$bbibmp25.200404.2.aa
=TCO  \\$aCLA$bCLA$c008
=TOC  \\$aETOC
=UNO  \\$aY

