=LDR  06727cas a2201441 a 4500
=001  011096572
=003  Uk
=005  20230209233441.0
=006  aa\\\|||||||||||||
=007  ta
=008  951011c19959999enkqr\p\\\\\\\0\\\a0eng\\
=015  \\$aGB9578279$2bnb
=019  0\$as612187004
=019  c\$a2495780
=019  y\$ab9578279
=019  9\$ab9578279
=022  0\$a1350-7265
=039  0\$a2360
=040  \\$aUk$cUk$dUk
=082  04$a519.505$220
=084  \\$aPF 00$2blsrissc
=210  0\$aBernoulli$b(Andover)
=222  \0$aBernoulli$b(Andover)
=245  00$aBernoulli :$bofficial journal of the Bernoulli Society for Mathematical Statistics and Probability.
=260  \\$aAndover :$bChapman & Hall,$c1995-
=300  \\$av. :$bill. ;$c25cm.
=310  \\$aQuarterly
=336  \\$atext$2rdacontent
=337  \\$aunmediated$2rdamedia
=338  \\$avolume$2rdacarrier
=362  0\$aVol.1, nos.1/2 Mar./June 1995-
=540  \\$aCurrent Copyright Fee: GBP25.00$c0$5Uk
=650  \0$aMathematical statistics$xPeriodicals.
=650  \0$aProbabilities$xPeriodicals.
=653  1\$aStatistics
=710  2\$aBernoulli Society for Mathematical Statistics and Probability.
=852  41$aBritish Library$bDSC$j1941.394000$3Vol. 1, no. 1 (1995)-***UKRR Retained Title
=852  71$aBritish Library$bSTI$k(P)$hPF 00$m-E(32)$2blsrissc$31995-1998; Vol.1-vol.4, no.3.
=945  \\$aBERNOULLI -LONDON-.
=957  \\$aCR
=959  \\$fCurrently received
=963  \\$aCA/U-2 VOL. 1, 1995- *A=1$bN
=985  \\$aRecord merged by SUNCAT team
=985  \\$aISSN is responsibility of ISSN Netherlands (Feb. 2005)
=ACF  \\$aPrevious Copyright Fee: GBP22.00$c0$e01-apr-2012$fGBP22.00$g0$hC$5Uk
=ACF  \\$aPrevious Copyright Fee: GBP22.00$c0$e01-jan-2012$fGBP22.00$g0$hC$5Uk
=ACF  \\$aPrevious Copyright Fee: GBP22.00$c0$e01-oct-2011$fGBP22.00$g0$hC$5Uk
=ACF  \\$aPrevious Copyright Fee: GBP22.00$c0$e01-jul-2011$fGBP22.00$g0$hC$5Uk
=ACF  \\$aPrevious Copyright Fee: GBP22.00$c0$e01-apr-2011$fGBP22.00$g0$hC$5Uk
=ACF  \\$aPrevious Copyright Fee: GBP22.00$c0$e01-jan-2011$fGBP22.00$g0$hC$5Uk
=ACF  \\$aPrevious Copyright Fee: GBP22.00$c0$e01-oct-2010$fGBP22.00$g0$hC$5Uk
=ACF  \\$aPrevious Copyright Fee: GBP22.00$c0$e01-jul-2010$fGBP22.00$g0$hC$5Uk
=ACF  \\$aPrevious Copyright Fee: GBP22.00$c0$e01-apr-2010$fGBP22.00$g0$hC$5Uk
=ACF  \\$aPrevious Copyright Fee: GBP22.00$c0$e01-Jan-2010$fGBP22.00$g0$hC$5Uk
=ACF  \\$aPrevious Copyright Fee: GBP22.00$c0$e01-oct-2009$fGBP22.00$g0$hC$5Uk
=ACF  \\$aPrevious Copyright Fee: GBP22.00$c0$e01-jul-2009$fGBP22.00$g0$hC$5Uk
=ACF  \\$aPrevious Copyright Fee: GBP22.00$c0$e01-apr-2009$fGBP22.00$g0$hC$5Uk
=ACF  \\$aPrevious Copyright Fee: GBP16.75$c0$e01-jan-2009$fGBP16.75$g0$hC$5Uk
=ACF  \\$aPrevious Copyright Fee: GBP16.75$c0$e01-oct-2008$fGBP16.75$g0$hC$5Uk
=ACF  \\$aPrevious Copyright Fee: GBP16.75$c0$e01-jul-2008$fGBP16.75$g0$hC$5Uk
=ACF  \\$aPrevious Copyright Fee: GBP16.75$c0$e01-apr-2008$fGBP16.75$g0$hC$5Uk
=ACF  \\$aPrevious Copyright Fee: GBP16.75$c0$e01-jan-2008$fGBP16.75$g0$hC$5Uk
=ACF  \\$aPrevious Copyright Fee: GBP16.75$c0$e01-oct-2007$fGBP16.75$g0$hC$5Uk
=ACF  \\$aPrevious Copyright Fee: GBP16.75$c0$e01-jul-2007$fGBP16.75$g0$hC$5Uk
=ACF  \\$aPrevious Copyright Fee: GBP16.75$c0$e01-apr-2007$fGBP16.75$g0$hC$5Uk
=ACF  \\$aPrevious Copyright Fee: GBP16.50$c0$e01-jan-2007$fGBP16.50$g0$hC$5Uk
=ACF  \\$aPrevious Copyright Fee: GBP16.50$c0$e01-oct-2006$fGBP16.50$g0$hC$5Uk
=ACF  \\$aPrevious Copyright Fee: GBP16.50$c0$e01-jul-2006$fGBP16.50$g0$hC$5Uk
=ACF  \\$aPrevious Copyright Fee: GBP16.50$c0$e01-apr-2006$fGBP16.50$g0$hC$5Uk
=ACF  \\$aPrevious Copyright Fee: GBP16.50$c0$e01-jan-2006$fGBP16.50$g0$hC$5Uk
=ACF  \\$aPrevious Copyright Fee: GBP16.50$c0$e01-oct-2005$fGBP16.50$g0$hC$5Uk
=ACF  \\$aPrevious Copyright Fee: GBP16.50$c0$e01-jul-2005$fGBP16.50$g0$hC$5Uk
=ACF  \\$aPrevious Copyright Fee: GBP16.50$c0$e01-apr-2005$fGBP16.50$g0$hC$5Uk
=ACF  \\$aPrevious Copyright Fee: GBP16.50$c0$e01-jan-2005$fGBP16.50$g0$hC$5Uk
=ACF  \\$aPrevious Copyright Fee: GBP10.00$c0$e01-oct-2004$fGBP10.00$g0$hC$5Uk
=ACF  \\$aPrevious copyright fee: GBP10.00$c0$e01-oct-2002$fGBP10.00$g0$hC$5Uk
=ACF  \\$aCurrent copyright fee: GBP5.00$c0$e01-jul-2002$fGBP5.00$g0$hC$5Uk
=ACF  \\$aCurrent copyright fee: GBP10.00$c0$e01-aug-2001$fGBP10.00$g0$hC$5Uk
=ACF  \\$aPrevious Copyright Fee: GBP22.00$c0$e01-jul-2012$fGBP22.00$g0$hC$5Uk
=ACF  \\$aPrevious Copyright Fee: GBP22.00$c0$e01-oct-2012$fGBP22.00$g0$hC$5Uk
=ACF  \\$aPrevious Copyright Fee: GBP29.95$c0$e01-jan-2013$fGBP29.95$g0$hC$5Uk
=ACF  \\$aPrevious Copyright Fee: GBP22.50$c0$e01-apr-2021$fGBP22.50$g0$hC$5Uk
=CAT  \\$aWR09-126
=CAT  \\$aBATCH-CLA$b00$c20110531$lBLL01$h1636
=CAT  \\$aIPL-CLA$c20110630$lBLL01$h1531
=CAT  \\$aBATCH-CLA$b00$c20110831$lBLL01$h1741
=CAT  \\$aIPL-CLA$c20110930$lBLL01$h1533
=CAT  \\$aBATCH-CLA$b00$c20111130$lBLL01$h1209
=CAT  \\$aIPL-CLA$c20111230$lBLL01$h1902
=CAT  \\$aBATCH-CLA$b00$c20120229$lBLL01$h1616
=CAT  \\$aIPL-CLA$c20120330$lBLL01$h1419
=CAT  \\$aBATCH-CLA$b00$c20120531$lBLL01$h1712
=CAT  \\$aBATCH-UPD$b00$c20120614$lBLL01$h2136
=CAT  \\$aIPL-CLA$c20120629$lBLL01$h1017
=CAT  \\$aBATCH-CLA$b00$c20120831$lBLL01$h1542
=CAT  \\$aIPL-CLA$c20120930$lBLL01$h2051
=CAT  \\$aBATCH-CLA$b00$c20121107$lBLL01$h1914
=CAT  \\$aBATCH-CLA$b00$c20121130$lBLL01$h1245
=CAT  \\$aIPL-CLA$c20121231$lBLL01$h1300
=CAT  \\$aIPL-CLA$c20130102$lBLL01$h1712
=CAT  \\$aWR13.005$c20130323$lBLL01$h1405
=CAT  \\$aWR14_140$c20140905$lBLL01$h1747
=CAT  \\$aBATCH-CLA$b00$c20210227$lBLL01$h1013
=CAT  \\$aIPL-CLA$c20210331$lBLL01$h1658
=CAT  \\$aBATCH-CLA$b00$c20221130$lBLL01$h1448
=CAT  \\$aIPL-CLA$c20221231$lBLL01$h1441
=CAT  \\$aBATCH-CLA$b00$c20230209$lBLL01$h1534
=CAT  \\$aIPL-CLA$c20230209$lBLL01$h2334
=CFI  0\$aCurrent Copyright Fee: GBP25.00$c0$e09-feb-2023$fGBP25.00$g0$hC$5Uk
=CFI  2\$aBritish Library not licensed to copy$c0$e01-jan-2023$hC$iCFP Excluded$5Uk
=FIN  \\$aY
=FMT  \\$a  SE
=LAS  \\$aIPL-CLA$b00$c20230209$lBLL01$h2334
=LEO  \\$aMP25.0000303414
=LEO  \\$aMP5.0000830877
=LEO  \\$aMP22.0000041144
=LEO  \\$aMP10.0000093579
=SRC  \\$aSRI01$bbibmp25.200404.2.aa
=SRC  \\$aBNB03$bbibmp5.200404.2.ab
=SRC  \\$aISN01$bbibmp22.200404.2.aa
=SRC  \\$aDSS01$bbibmp10.200404.2.aa
=TCO  \\$aCLA$bCLA$c008
=TOC  \\$aETOC

