=LDR  07572cas a2201309 a 4500
=001  011097442
=003  Uk
=005  20220930142521.0
=007  ta
=008  900814c19509999enktr\p\\\\\\\0\\\a0eng\\
=019  c\$a2033586
=019  x\$a3323520211
=022  0\$a2051-6770$y0006-0844$y0260-0935$y0260-0943
=040  \\$aUk$beng$cUk$dUk
=042  \\$aukblsr
=082  04$a220.05$222
=245  04$aThe Bible translator.
=246  1\$iIssues for January and July entitled:$aTechnical papers for the Bible translator$fvol. 23, no. 1 (Jan. 1972)-v. 32, no. 3 (July 1981)
=246  1\$iIssues for April and October entitled:$aPractical papers for the Bible translator$fvol. 23, no. 2 (Apr. 1972)-v. 32, no. 4 (Oct. 1981)
=246  1\$iIssues for January and July also entitled:$aBible translator, technical papers$fvol. 33, no. 1 (Jan. 1982)-volume 63, number 4 (October 2012)
=246  1\$iIssues for April and October also entitled:$aBible translator, practical papers$fvol. 33, no. 2 (Apr. 1982)-volume 63, number 4 (October 2012)
=260  \\$aLondon :$bUnited Bible Societies,$c1950-
=264  31$32013-$aLondon :$bSAGE Publications Ltd
=300  \\$av. ;$c21 cm.
=310  \\$aThree issues yearly
=321  \\$aQuarterly,$b-2012
=336  \\$atext$2rdacontent
=337  \\$aunmediated$2rdamedia
=338  \\$avolume$2rdacarrier
=362  1\$aBegan in 1950.
=500  \\$aFrom 1950 to 1971, appears under the title: The Bible translator, (ISSN 0006-0844). From Vol. 23, no. 1 (Jan. 1972) to v. 32, no. 4 (Oct. 1981), serial appears alternately under two titles: No. 1 and 3 (Jan. and July) under the title: Technical papers for the Bible translator (ISSN 0260-0935), and no. 2 and 4 (Apr. and Oct.) under the title: Practical papers for the Bible translator (ISSN 0260-0943). From v. 33, no. 1 (Jan. 1982)-volume 63, number 4 (October 2012), serial titles change to: No. 1 and 3 (Jan. and July) : The Bible translator, technical papers, and no. 2 and 4 (Apr. and Oct.) : The Bible translator, practical papers. From volume 64, issue 1 (April 2013), title is The Bible translator for all issues (ISSN 2051-6770).
=500  \\$aIssues consulted: Vol. 23, no. 1 (Jan. 1972) , v. 23, no. 2 (Apr. 1972).
=540  \\$aCurrent copyright fee: GBP32.82$c19\0$5Uk
=588  \\$aLatest issue consulted: volume 64, issue 1 (April 2013).
=595  \\$aSEE ALSO CARD INDEX.
=630  00$aBible$xTranslating$vPeriodicals.
=630  00$aBible$xVersions$vPeriodicals.
=630  00$aBible$xLanguage, style$vPeriodicals.
=710  2\$aUnited Bible Societies.
=852  41$aBritish Library$bHMNTS$jPP.716.cal$3Vol. 7/8 (1956/1957), v. 41 pt. 3 (1900)- v. 65 issue 3 (2014)***Title now taken as electronic copy
=852  41$aBritish Library$bDSC$j1947.830000$3Vol. 3, no. 1 (1952)-v. 61, no. 4 (2010)***UKRR Retained Title***Stock Incomplete
=856  \\$31850-9999$uhttp://www.uk.sagepub.com$xBLDSS
=945  \\$aBIBLE TRANSLATOR.
=959  \\$fHeld but not currently received
=963  \\$aVOL. 17, 1950- 45(3), 1994 *A=1$bY$cL18.C.42
=985  \\$aRecord merged by SUNCAT team
=985  \\$aRecord edited by DQ Team
=985  \\$aISSN responsibility held by the International ISSN Centre
=985  \\$aISSN treatment of this title has diverged from BL; flip-flopping alternating titles from 1972-2012 retained on one record by BL were given separate ISSNs by the International Centre. A subsequent ISSN (2051-6770) has been assigned in 2013 as the alternating titles have now "reverted" to The Bible translator only. See record #016216650, but do not link (agreed with ISSNUK), CS. Key title to match current ISSN not included as 008 start date conflicts with 222 {dollar}b, CS, SF
=ACF  \\$aPrevious copyright fee: GBP9.00$c0$e01-apr-2010$fGBP9.00$g0$hA$5Uk
=ACF  \\$aPrevious copyright fee: GBP6.00$c0$e01-apr-2008$fGBP6.00$g0$hA$5Uk
=ACF  \\$aPrevious copyright fee: GBP5.00$c0$e01-jul-2002$fGBP5.00$g0$hA$5Uk
=ACF  \\$aCurrent copyright fee: GBP2.50$c0$e01-jul-1998$fGBP2.50$g0$hC$5Uk
=ACF  \\$aCurrent copyright fee: GBP2.30$c0$e01-apr-1997$fGBP2.30$g0$hC$5Uk
=ACF  \\$aPrevious copyright fee: GBP10.50$c0$e01-jan-2011$fGBP10.50$g0$hA$5Uk
=ACF  \\$aPrevious copyright fee: GBP12.00$c0$e01-jan-2012$fGBP12.00$g0$hA$5Uk
=ACF  \\$aPrevious Copyright Fee: GBP18.00$c0$e01-oct-2014$fGBP18.00$g0$hC$5Uk
=ACF  \\$aPrevious Copyright Fee: GBP19.00$c0$e01-jan-2014$fGBP19.00$g0$hC$5Uk
=ACF  \\$aPrevious copyright fee: GBP19.35$c19\0$e29-apr-2015$fGBP19.35$g0$hP$5Uk
=ACF  \\$aPrevious copyright fee: GBP20.00$c19\0$e01-jul-2015$fGBP20.00$g0$hP$5Uk
=ACF  \\$aPrevious copyright fee: GBP19.35$c19\0$e01-oct-2015$fGBP19.35$g0$hP$5Uk
=ACF  \\$aPrevious copyright fee: GBP24.83$c19\0$e01-apr-2016$fGBP24.83$g0$hP$5Uk
=ACF  \\$aPrevious copyright fee: GBP26.67$c19\0$e01-oct-2016$fGBP26.67$g0$hP$5Uk
=ACF  \\$aPrevious copyright fee: GBP28.80$c19\0$e01-apr-2017$fGBP28.80$g0$hP$5Uk
=ACF  \\$aPrevious copyright fee: GBP27.69$c19\0$e01-oct-2017$fGBP27.69$g0$hP$5Uk
=ACF  \\$aPrevious copyright fee: GBP25.71$c19\0$e01-apr-2018$fGBP25.71$g0$hP$5Uk
=ACF  \\$aPrevious copyright fee: GBP27.69$c19\0$e01-oct-2018$fGBP27.69$g0$hP$5Uk
=ACF  \\$aPrevious copyright fee: GBP29.08$c19\0$e01-jul-2019$fGBP29.08$g0$hP$5Uk
=ACF  \\$aPrevious copyright fee: GBP30.24$c19\0$e01-oct-2019$fGBP30.24$g0$hP$5Uk
=ACF  \\$aPrevious copyright fee: GBP30.29$c19\0$e01-apr-2020$fGBP30.29$g0$hP$5Uk
=ACF  \\$aPrevious copyright fee: GBP31.50$c19\0$e01-jul-2020$fGBP31.50$g0$hP$5Uk
=ACF  \\$aPrevious copyright fee: GBP29.17$c19\0$e01-apr-2021$fGBP29.17$g0$hP$5Uk
=ACF  \\$aPrevious copyright fee: GBP28.13$c19\0$e07-jul-2021$fGBP28.13$g0$hP$5Uk
=CAT  \\$aCONV$b00$c20040425$lBLL90$h0659
=CAT  \\$aIPL-CLA$c20160930$lBLL01$h1554
=CAT  \\$aBATCH-UPD$b00$c20170216$lBLL01$h1827
=CAT  \\$aIPL-CLA$c20170331$lBLL01$h1836
=CAT  \\$aBATCH-UPD$b00$c20170904$lBLL01$h1832
=CAT  \\$aIPL-CLA$c20170929$lBLL01$h1720
=CAT  \\$aBATCH-UPD$b00$c20180223$lBLL01$h1649
=CAT  \\$aIPL-CLA$c20180331$lBLL01$h1610
=CAT  \\$aBATCH-UPD$b00$c20180823$lBLL01$h1933
=CAT  \\$aIPL-CLA$c20180930$lBLL01$h1457
=CAT  \\$aBATCH-UPD$b00$c20190521$lBLL01$h1406
=CAT  \\$aIPL-CLA$c20190630$lBLL01$h1529
=CAT  \\$aBATCH-UPD$b00$c20190829$lBLL01$h1515
=CAT  \\$aIPL-CLA$c20190930$lBLL01$h1633
=CAT  \\$aBATCH-UPD$b00$c20200219$lBLL01$h1508
=CAT  \\$aIPL-CLA$c20200331$lBLL01$h1609
=CAT  \\$aBATCH-UPD$b00$c20200522$lBLL01$h1445
=CAT  \\$aIPL-CLA$c20200701$lBLL01$h0050
=CAT  \\$aBATCH-UPD$b00$c20210226$lBLL01$h1026
=CAT  \\$aIPL-CLA$c20210331$lBLL01$h1658
=CAT  \\$aBATCH-UPD$b00$c20210707$lBLL01$h1550
=CAT  \\$aIPL-CLA$c20210707$lBLL01$h1842
=CAT  \\$aBATCH-UPD$b00$c20220520$lBLL01$h1637
=CAT  \\$aIPL-CLA$c20220630$lBLL01$h1535
=CAT  \\$aBATCH-UPD$b00$c20220824$lBLL01$h0904
=CAT  \\$aIPL-CLA$c20220930$lBLL01$h1425
=CFI  0\$aCurrent copyright fee: GBP32.82$c19\0$e01-oct-2022$fGBP32.82$g0$hP$5Uk
=CFI  2\$aPrevious copyright fee: GBP31.50$c19\0$e01-jul-2022$fGBP31.50$g0$hP$5Uk
=FFP  \\$aY$bBLDSS-3PM
=FIN  \\$aY
=FMT  \\$a  SE
=LAS  \\$aIPL-CLA$b00$c20220930$lBLL01$h1425
=LEO  \\$aMP1.0003966476
=LEO  \\$aMP10.0000094702
=SRC  \\$aBLS01$bbibmp1.200404.2.ae
=SRC  \\$aDSS01$bbibmp10.200404.2.aa
=TCO  \\$aCLA$bCLA$c008
=TOC  \\$aETOC
=UNO  \\$aY

