=LDR  04635cas a2201141 a 4500
=001  011101391
=003  Uk
=005  20230426110746.0
=007  ta
=008  771001c19699999enkqr\p\\\\\\\0\\\a0eng\\
=019  c\$a2035389
=019  0\$as23401900x
=022  0\$a0024-4066
=030  \\$aBJLSBG
=040  \\$aUk$cUk$dUk
=082  04$a570$221
=084  \\$aCB 00$2blsrissc
=130  0\$aBiological journal (London)
=210  0\$aBiol. j. Linn. Soc.
=222  \0$aBiological journal of the Linnean Society
=245  10$aBiological journal.
=260  \\$aLondon ;$aNew York :$bAcademic Press,$c1969-
=300  \\$av. :$bill. ;$c26 cm.
=310  \\$aMonthly
=336  \\$atext$2rdacontent
=337  \\$aunmediated$2rdamedia
=338  \\$avolume$2rdacarrier
=362  0\$aVol. 1 (Apr. 1969)-
=500  \\$aPublished for the Linnean Society of London.
=540  \\$aCurrent Copyright Fee: GBP32.00$c29\0$5Uk
=595  \\$aFORMERLY 6749.0 UP TO 179, 1968.
=650  \0$aBiology$vPeriodicals.
=650  \0$aEvolution (Biology)$vPeriodicals.
=710  2\$aLinnean Society of London.
=776  0\$tBiological journal of the Linnean Society (Online)$x1095-8312
=780  00$tProceedings of the Linnean Society of London$x0370-0461
=785  01$tLinnean$x0950-1096
=852  71$aBritish Library$bSTI$k(P)$hCB 00$m-E(23)$2blsrissc$3Vol. 1 (1969)-v. 109, no. 1 (2013)***title now taken as electronic copy only
=852  41$aBritish Library$bDSC$j2075.460000$3Vol. 1, no. 1 (1969)-v. 105, no. 2 (2012)***Stock incomplete***UKRR Retained Title
=856  \\$31850-9999$uhttp://onlinelibrary.wiley.com/$xBLDSS
=945  \\$aBIOLOGICAL JOURNAL- LINNEAN SOCIETY.
=959  \\$fHeld but not currently received
=963  \\$aVOL. 1, 1969- *A=1$bY$cP382.C.201
=964  \\$aVOL. 1, 1969- *A=1$c57/59$dO$eTL5781
=968  \\$aC
=985  \\$aRecord merged by SUNCAT team
=985  \\$aISSN responsibility held by US ISSN Centre (24/1/06)
=ACF  \\$aCurrent copyright fee: GBP13.00$c10\0$e01-apr-2003$fGBP13.00$g0$hP$5Uk
=ACF  \\$aCurrent copyright fee: GBP13.00$c10\4$e01-apr-2002$fGBP13.00$g0$hP$5Uk
=ACF  \\$aPrevious copyright fee: GBP15.00$c10\0$e01-apr-2004$fGBP15.00$g0$hP$5Uk
=ACF  \\$aPrevious copyright fee: GBP22.00$c10\0$e01-jan-2006$fGBP22.00$g0$hP$5Uk
=ACF  \\$aPrevious copyright fee: GBP24.00$c10\0$e01-mar-2015$fGBP24.00$g0$hP$5Uk
=ACF  \\$aPrevious copyright fee: GBP26.00$c29\0$e01-jan-2017$fGBP26.00$g0$hP$5Uk
=ACF  \\$aPrevious copyright fee: GBP27.00$c29\0$e01-jan-2018$fGBP27.00$g0$hP$5Uk
=ACF  \\$aPrevious copyright fee: GBP28.00$c29\0$e01-jan-2019$fGBP28.00$g0$hP$5Uk
=ACF  \\$aPrevious Copyright Fee: GBP20.00$c29\0$e01-jan-2020$fGBP20.00$g0$hP$5Uk
=CAT  \\$aCONV$b00$c20040425$lBLL90$h0659
=CAT  \\$aBATCH-CLA$b00$c20121107$lBLL01$h1913
=CAT  \\$aWR12_168$c20121206$lBLL01$h1835
=CAT  \\$aWR13.005$c20130323$lBLL01$h1408
=CAT  \\$a8456$b40$c20130521$lBLL01$h1037
=CAT  \\$aBLDSS-3PM$b00$c20141214$lBLL01$h1520
=CAT  \\$aBATCH-UPD$b00$c20150215$lBLL01$h1621
=CAT  \\$aIPL-CLA$c20150228$lBLL01$h2044
=CAT  \\$aBATCH-UPD$b00$c20160413$lBLL01$h1811
=CAT  \\$a5552$b40$c20161109$lBLL01$h0922
=CAT  \\$a5552$b40$c20161111$lBLL01$h1436
=CAT  \\$aIPL-CLA$c20161230$lBLL01$h1959
=CAT  \\$aBATCH-UPD$b00$c20170104$lBLL01$h0049
=CAT  \\$aBATCH-UPD$b00$c20171121$lBLL01$h1703
=CAT  \\$aIPL-CLA$c20171231$lBLL01$h1529
=CAT  \\$aBATCH-UPD$b00$c20181217$lBLL01$h1651
=CAT  \\$aIPL-CLA$c20181231$lBLL01$h1537
=CAT  \\$aR1911-1518$c20191206$lBLL01$h1419
=CAT  \\$aIPL-CLA$c20191231$lBLL01$h1839
=CAT  \\$aBATCH-UPD$b00$c20220308$lBLL01$h1734
=CAT  \\$aIPL-CLA$c20220331$lBLL01$h1951
=CAT  \\$aS2302-1302$c20230314$lBLL01$h1711
=CAT  \\$aS2302-1302$c20230323$lBLL01$h1442
=CAT  \\$aIPL-CLA$c20230331$lBLL01$h1546
=CAT  \\$aS2304-0519$c20230412$lBLL01$h1138
=CAT  \\$aBATCH-SUPP$c20230426$lBLL01$h1107
=CFI  0\$aCurrent Copyright Fee: GBP32.00$c29\0$e01-apr-2023$fGBP32.00$g0$hP$5Uk
=CFI  2\$aPrevious copyright fee: GBP22.00$c29\0$e01-apr-2022$fGBP22.00$g0$hP$5Uk
=EST  \\$a2
=FFP  \\$aY$bBLDSS-3PM
=FIN  \\$aY
=FMT  \\$a  SE
=LAS  \\$aBATCH-SUPP$b00$c20230426$lBLL01$h1107
=LEO  \\$aMP25.0000090852
=LEO  \\$aMP22.0000001289
=LEO  \\$aMP10.0000099661
=SRC  \\$aSRI01$bbibmp25.200404.2.aa
=SRC  \\$aISN01$bbibmp22.200404.2.aa
=SRC  \\$aDSS01$bbibmp10.200404.2.aa
=TCO  \\$aCLA$bCLA$c008
=TOC  \\$aETOC
=UNO  \\$aY

