=LDR  04657cas a2201141 a 4500
=001  011101731
=003  Uk
=005  20191231183952.0
=007  ta
=008  040409c19799999enkmr\p\\\\\\\0\\\a0eng\\
=015  \\$aGB8006431$2bnb
=019  c\$a2035568
=019  y\$aB8006431
=019  9\$ab8006431
=019  0\$as502499001
=022  0\$a0142-2782
=040  \\$aUk$cUk$dUk
=050  00$aQP901
=082  04$a615.19$221
=084  \\$aHE 00$2blsrissc
=210  0\$aBiopharm. drug dispos.$b(Print)
=222  \0$aBiopharmaceutics & drug disposition$b(Print)
=245  00$aBiopharmaceutics & drug disposition.
=246  03$aBiopharmaceutics and drug disposition
=260  \\$aChichester :$bWiley,$c1979-
=300  \\$av. :$bill. ;$c25 cm.
=310  \\$aQuarterly
=336  \\$atext$2rdacontent
=337  \\$aunmediated$2rdamedia
=338  \\$avolume$2rdacarrier
=362  0\$aVol. 1, no. (Jul./Sept. [1979])-
=540  \\$aCurrent Copyright Fee: GBP39.00$c35\0$5Uk
=650  \0$aBiopharmaceutics$vPeriodicals.
=650  \0$aDrugs$xMetabolism$vPeriodicals.
=650  \0$aPharmacology$vPeriodicals.
=653  \\$aPharmacodynamics$aPeriodicals
=776  1\$tBiopharmaceutics & drug disposition (Online)$x1099-081X
=852  41$aBritish Library$bDSC$j2089.355000$3Vol. 1, no. 1 (1979)-v. 28, no. 9 (2007)***UKRR Retained Title***P3
=852  71$aBritish Library$bSTI$k(P)$hHE 00$m-E(6)$2blsrissc$3Vol. 1 (1979)-v. 34, no. 3 (2013); Deficient: vol.12, no.5, 1991***title now taken as electronic copy only
=856  \\$31850-9999$uhttp://onlinelibrary.wiley.com/$xBLDSS
=945  \\$aBIOPHARMACEUTICS AND DRUG DISPOSITION
=959  \\$fHeld but not currently received
=963  \\$aVol. 1 (1979)-$bN$cU
=985  \\$aRecord merged by DQ team
=985  \\$aISSN responsibility held by United States ISSN Centre 24/1/06
=A02  \\$a2035568
=ACF  \\$aPrevious Copyright Fee: GBP20.00$c0$e01-jan-2005$fGBP20.00$g0$hC$5Uk
=ACF  \\$aPrevious Copyright Fee: GBP20.00$c0$e01-oct-2004$fGBP20.00$g0$hC$5Uk
=ACF  \\$aPrevious copyright fee: GBP20.00$c0$e01-oct-2001$fGBP20.00$g0$hC$5Uk
=ACF  \\$aCurrent copyright fee: GBP12.00$c0$e01-jul-1999$fGBP12.00$g0$hC$5Uk
=ACF  \\$aCurrent copyright fee: GBP10.94$c0$e01-apr-1999$fGBP10.94$g0$h@$5Uk
=ACF  \\$aPrevious Copyright Fee: GBP17.00$c35\0$e01-apr-2005$fGBP17.00$g0$hP$5Uk
=ACF  \\$aPrevious copyright fee: GBP22.00$c35\0$e01-jan-2011$fGBP22.00$g0$hP$5Uk
=ACF  \\$aPrevious copyright fee: GBP24.00$c35\0$e01-mar-2015$fGBP24.00$g0$hP$5Uk
=CAT  \\$aCONV$b00$c20040425$lBLL90$h0659
=CAT  \\$a11316$b40$c20060124$lBLL01$h0950
=CAT  \\$aglobal_upd$b40$c20060417$lBLL01$h1803
=CAT  \\$aBATCH-UPD$b40$c20060901$lBLL01$h0947
=CAT  \\$aBATCH-UPD$b40$c20060901$lBLL01$h1024
=CAT  \\$aBATCH$b00$c20091122$lBLL01$h1643
=CAT  \\$aBATCH-UPD$b00$c20101116$lBLL01$h1334
=CAT  \\$aIPL-CLA$c20101231$lBLL01$h1404
=CAT  \\$aBATCH-UPD$b00$c20120614$lBLL01$h2137
=CAT  \\$aBATCH-CLA$b00$c20121107$lBLL01$h1913
=CAT  \\$aWR12_168$c20121206$lBLL01$h1812
=CAT  \\$aBATCH-CLA$b00$c20140125$lBLL01$h1316
=CAT  \\$aBATCH-CLA$c20140225$lBLL01$h2317
=CAT  \\$aWR14_140$c20140905$lBLL01$h1747
=CAT  \\$aBLDSS-3PM$b00$c20141214$lBLL01$h1520
=CAT  \\$aBATCH-UPD$b00$c20150215$lBLL01$h1653
=CAT  \\$aIPL-CLA$c20150228$lBLL01$h2044
=CAT  \\$aBATCH-UPD$b00$c20160413$lBLL01$h1811
=CAT  \\$aBATCH-UPD$b00$c20170202$lBLL01$h1221
=CAT  \\$a8874$b40$c20180109$lBLL01$h1028
=CAT  \\$aBATCH-UPD$b40$c20180219$lBLL01$h1743
=CAT  \\$aBATCH-UPD$b40$c20181121$lBLL01$h1619
=CAT  \\$aIPL-CLA$c20181231$lBLL01$h1537
=CAT  \\$aR1911-0245$c20191127$lBLL01$h0945
=CAT  \\$aR1911-0245$c20191127$lBLL01$h1044
=CAT  \\$aIPL-CLA$c20191231$lBLL01$h1839
=CFI  0\$aCurrent Copyright Fee: GBP39.00$c35\0$e01-jan-2020$fGBP39.00$g0$hP$5Uk
=CFI  2\$aPrevious copyright fee: GBP28.00$c35\0$e01-jan-2019$fGBP28.00$g0$hP$5Uk
=FFP  \\$aY$bBLDSS-3PM
=FIN  \\$aY
=FMT  \\$a  SE
=LAS  \\$aIPL-CLA$b00$c20191231$lBLL01$h1839
=LEO  \\$aMP5.0000504775
=LEO  \\$aMP22.0000005410
=LEO  \\$aMP25.0000192987
=LEO  \\$aMP10.0000100173
=LKR  \\$aPAR$b013339409$lBLL01$r776$mBiopharmaceutics & drug disposition (Print)$nBiopharmaceutics & drug disposition (Online)
=SRC  \\$aBNB03$bbibmp5.200404.2.aa
=SRC  \\$aISN01$bbibmp22.200404.2.aa
=SRC  \\$aSRI01$bbibmp25.200404.2.aa
=SRC  \\$aDSS01$bbibmp10.200404.2.aa
=TCO  \\$aCLA$bCLA$c008
=TOC  \\$aETOC
=UNO  \\$aY

