=LDR  04199cas a2201117 a 4500
=001  011107598
=003  Uk
=005  20211231153951.0
=006  aa\\\|||||||||||||
=007  ta
=008  740725c19749999xxumr\p\\\\\\\0\\\a0eng\\
=010  \\$a74643422
=015  \\$aGB7900363$2bnb
=019  c\$a2038014
=019  9\$ab7900363
=022  0\$a0093-934X
=030  \\$zBRLGA
=032  \\$a312870$bUSPS
=040  \\$aUk$beng$cUk$dUk
=041  0\$aeng$beng
=050  00$aRC423.A1$bB68
=060  00$aW1$bBR112L
=082  0\$a612.7805
=222  \0$aBrain and language
=245  00$aBrain and language.
=260  \\$aNew York ;$aLondon$bAcademic Press,$c[1974]-
=300  \\$av. :$bill. ;$c23 cm.
=310  \\$aMonthly,$b1995-
=321  \\$aFrequency varies,$b1974-94
=336  \\$atext$2rdacontent
=337  \\$aunmediated$2rdamedia
=338  \\$avolume$2rdacarrier
=362  0\$aVol. 1, no. 1 (Jan. 1974)-
=530  \\$aIssued also online.
=540  \\$aCurrent copyright fee: GBP34.30$c5\1$5Uk
=650  \0$aSpeech disorders$vPeriodicals.
=650  \0$aSpeech$vPeriodicals.
=650  \0$aBrain$vPeriodicals.
=650  \0$aPsycholinguistics$vPeriodicals.
=776  0\$tBrain and language$c(Online)$x1090-2155
=852  41$aBritish Library$bDSC$j2268.040000$3Vol. 1 (1974)-v. 111 (2009)***UKRR Retained Title
=856  \\$31850-9999$uhttp://www.elsevier.com/journals$xBLDSS
=945  \\$aBRAIN AND LANGUAGE.
=959  \\$fHeld but not currently received
=963  \\$aVOL. 1, 1974- *A=1$bY$cP326.C.238
=985  \\$aeserial 200406
=985  \\$aRecord merged by SUNCAT team
=985  \\$aISSN responsibility held by ISSN US Centre 24.05.2007
=ACF  \\$aPrevious copyright fee: GBP19.00$c5\9$e01-jan-2008$fGBP19.00$g0$hP$5Uk
=ACF  \\$aPrevious copyright fee: GBP18.00$c5\9$e01-apr-2004$fGBP18.00$g0$hP$5Uk
=ACF  \\$aCurrent copyright fee: GBP20.00$c5\9$e01-jan-2003$fGBP20.00$g0$hP$5Uk
=ACF  \\$aCurrent copyright fee: GBP22.58$c0$e01-oct-2002$fGBP22.58$g0$hC$5Uk
=ACF  \\$aPrevious copyright fee: GBP20.00$c5\1$e01-jan-2009$fGBP20.00$g0$hP$5Uk
=ACF  \\$aPrevious copyright fee: GBP21.00$c5\1$e01-jan-2012$fGBP21.00$g0$hP$5Uk
=ACF  \\$aPrevious copyright fee: GBP22.50$c5\1$e01-jan-2013$fGBP22.50$g0$hP$5Uk
=ACF  \\$aPrevious copyright fee: GBP23.40$c5\1$e01-jan-2018$fGBP23.40$g0$hP$5Uk
=CAT  \\$aCONV$b00$c20040425$lBLL90$h0700
=CAT  \\$aBATCH-UPD$b40$c20081231$lBLL01$h2251
=CAT  \\$aBATCH-UPD$b40$c20090101$lBLL01$h0029
=CAT  \\$aBATCH$b00$c20090101$lBLL01$h0203
=CAT  \\$aCDS-UPD$b40$c20091208$lBLL01$h2212
=CAT  \\$aCDS-UPD$b40$c20091208$lBLL01$h2233
=CAT  \\$aWR11_155$c20111021$lBLL01$h1330
=CAT  \\$aWR11_155$c20111114$lBLL01$h1647
=CAT  \\$aBATCH-UPD$b00$c20111123$lBLL01$h1851
=CAT  \\$aIPL-CLA$c20111230$lBLL01$h1907
=CAT  \\$aBATCH-CLA$b00$c20121107$lBLL01$h1912
=CAT  \\$aBATCH-UPD$b00$c20121121$lBLL01$h1654
=CAT  \\$aWR12_168$c20121206$lBLL01$h1812
=CAT  \\$aIPL-CLA$c20121231$lBLL01$h1300
=CAT  \\$aIPL-CLA$c20130102$lBLL01$h1712
=CAT  \\$aWR13.005$c20130323$lBLL01$h1411
=CAT  \\$aWR14_140$c20140905$lBLL01$h1747
=CAT  \\$aBLDSS-3PM$b00$c20141222$lBLL01$h1711
=CAT  \\$aBATCH-UPD$b00$c20160413$lBLL01$h1812
=CAT  \\$aBATCH-UPD$b00$c20170304$lBLL01$h1107
=CAT  \\$aBATCH-UPD$b00$c20171121$lBLL01$h1741
=CAT  \\$aIPL-CLA$c20171231$lBLL01$h1531
=CAT  \\$aBATCH-UPD$b00$c20190521$lBLL01$h1433
=CAT  \\$aIPL-CLA$c20190630$lBLL01$h1529
=CAT  \\$aBATCH-UPD$b00$c20211119$lBLL01$h1551
=CAT  \\$aIPL-CLA$c20211231$lBLL01$h1539
=CFI  0\$aCurrent copyright fee: GBP34.30$c5\1$e01-jan-2022$fGBP34.30$g0$hP$5Uk
=CFI  2\$aPrevious copyright fee: GBP32.84$c5\1$e01-jul-2019$fGBP32.84$g0$hP$5Uk
=EST  \\$a2
=FFP  \\$aY$bBLDSS-3PM
=FIN  \\$aY
=FMT  \\$a  SE
=LAS  \\$aIPL-CLA$b00$c20211231$lBLL01$h1539
=LEO  \\$aMP5.0000497109
=LEO  \\$aMP10.0000107872
=SID  \\$aZ39$bLOC
=SRC  \\$aBNB03$bbibmp5.200404.2.aa
=SRC  \\$aDSS01$bbibmp10.200404.2.aa
=TCO  \\$aTRS$bCCC$c008
=TOC  \\$aETOC

