=LDR  04847cas a2201129 a 4500
=001  011118194
=003  Uk
=005  20230209233447.0
=007  ta
=008  040409c19639999enkfr\p\\\\\\\0\\\a0eng\\
=019  c\$a2098221
=019  x\$a0142460028
=022  \\$a0023-6942
=040  \\$aUk$beng$cUk$dUk
=042  \\$aukblsr
=082  04$a331$222
=130  0\$aLabour history (Canberra (A.C.T.))
=222  \0$aLabour history$b(Canberra, A.C.T. Print)
=245  10$aLabour history.
=260  \\$a[Canberra] :$b[Australian Society for the Study of Labour History],$c[1963]-
=264  31$a[Liverpool] :$b[Liverpool University Press on behalf of the Australian Society for the Study of Labour History]
=300  \\$av. ;$c24-25 cm.
=310  \\$aSemiannual
=336  \\$atext$2rdacontent
=337  \\$aunmediated$2rdamedia
=338  \\$avolume$2rdacarrier
=362  1\$aBegan with: No. 4 (May 1963).
=500  \\$a"A journal of labour and social history."
=515  \\$aNov. 1996 issued jointly with Fall 1996 issue of: Labour (Committee on Canadian Labour History).
=540  \\$aCurrent Copyright Fee: GBP25.00$c0$5Uk
=588  \\$aLatest issue consulted: number 119 (November 2020).
=595  \\$aSEE ALSO CARD INDEX.
=650  \0$aLabor$zAustralia$xHistory$vPeriodicals.
=650  \0$aLabor unions$zAustralia$xHistory$vPeriodicals.
=690  7\$aManagement and Business Studies$2blcoll
=690  7\$aSocial Welfare$2blcoll
=710  2\$aAustralian Society for the Study of Labour History.
=776  08$iAlso issued online as:$tLabour history (Canberra (A.C.T.))$x1839-3039
=780  00$aAustralian Society for the Study of Labour History.$tBulletin
=852  41$aBritish Library$bHMNTS$jP.701/75.$3No. 4 (May 1963)-
=852  41$aBritish Library$bDSC$j5142.160000$3Issue 4 (1963)-issue 121 (2021)***UKRR Retained Title***Stock Incomplete
=945  \\$aLABOUR HISTORY.
=959  \\$fHeld but not currently received
=985  \\$aCONFERENCE ANALYTIC RECORDS EXIST
=985  \\$aCorrected by MS generated file for WR# 12.018
=985  \\$aRecord merged by DQ team.
=985  \\$aTransfer of ISSN responsibility from Australia to the UK in progress.
=A02  \\$a2098221
=ACF  \\$aPrevious copyright fee: GBP5.00$c0$e01-jul-2002$fGBP5.00$g0$hC$5Uk
=ACF  \\$aCurrent copyright fee: GBP2.50$c0$e01-jul-1998$fGBP2.50$g0$hC$5Uk
=ACF  \\$aCurrent copyright fee: GBP2.30$c0$e01-apr-1997$fGBP2.30$g0$hC$5Uk
=ACF  \\$aPrevious copyright fee: GBP10.50$c0$e01-jan-2011$fGBP10.50$g0$hA$5Uk
=ACF  \\$aPrevious copyright fee: GBP12.00$c0$e01-jan-2012$fGBP12.00$g0$hA$5Uk
=ACF  \\$aPrevious Copyright Fee: GBP12.30$c0$e01-jan-2014$fGBP12.30$g0$hA$5Uk
=ACF  \\$aPrevious Copyright Fee: GBP15.00$c0$e01-jan-2017$fGBP15.00$g0$hA$5Uk
=ACF  \\$aPrevious Copyright Fee: GBP17.50$c0$e01-jan-2018$fGBP17.50$g0$hA$5Uk
=ACF  \\$aPrevious Copyright Fee: GBP25.00$c0$e01-jan-2019$fGBP25.00$g0$hC$5Uk
=CAT  \\$aCONV$b00$c20040425$lBLL90$h0705
=CAT  \\$aBATCH-UPD$b00$c20101201$lBLL01$h1236
=CAT  \\$aIPL-CLA$c20101231$lBLL01$h1410
=CAT  \\$a10_149CORR$c20110119$lBLL01$h1413
=CAT  \\$a8874$b40$c20110221$lBLL01$h0838
=CAT  \\$aWR11_203$c20111204$lBLL01$h1426
=CAT  \\$aIPL-CLA$c20111230$lBLL01$h1911
=CAT  \\$aBATCH-UPD$b00$c20120614$lBLL01$h2138
=CAT  \\$a6923$b40$c20120625$lBLL01$h1040
=CAT  \\$aBLSS-CORR$b00$c20120724$lBLL01$h1758
=CAT  \\$aBATCH-MBS$c20120727$lBLL01$h2105
=CAT  \\$aBATCH-SWP$c20120727$lBLL01$h2248
=CAT  \\$aBATCH-CLA$b00$c20121107$lBLL01$h1909
=CAT  \\$aWR13.005$c20130323$lBLL01$h1416
=CAT  \\$aBATCH-CLA$c20131219$lBLL01$h1834
=CAT  \\$aIPL-CLA$c20131231$lBLL01$h2158
=CAT  \\$aBATCH-CLA$b00$c20161222$lBLL01$h1741
=CAT  \\$aIPL-CLA$c20161230$lBLL01$h2004
=CAT  \\$aBATCH-CLA$b00$c20171222$lBLL01$h2049
=CAT  \\$aIPL-CLA$c20171231$lBLL01$h1534
=CAT  \\$aBATCH-CLA$b00$c20181130$lBLL01$h1604
=CAT  \\$aIPL-CLA$c20181231$lBLL01$h1537
=CAT  \\$a11205$b40$c20210316$lBLL01$h1116
=CAT  \\$a6558$b40$c20211214$lBLL01$h1258
=CAT  \\$aBATCH-CLA$b00$c20221130$lBLL01$h1452
=CAT  \\$aIPL-CLA$c20221231$lBLL01$h1441
=CAT  \\$aBATCH-CLA$b00$c20230209$lBLL01$h1539
=CAT  \\$aIPL-CLA$c20230209$lBLL01$h2334
=CFI  0\$aCurrent Copyright Fee: GBP25.00$c0$e09-feb-2023$fGBP25.00$g0$hC$5Uk
=CFI  2\$aBritish Library not licensed to copy$c0$e01-jan-2023$hC$iCFP Excluded$5Uk
=FIN  \\$aY
=FMT  \\$a  SE
=LAS  \\$aIPL-CLA$b00$c20230209$lBLL01$h2334
=LEO  \\$aMP10.0000337418
=LEO  \\$aMP1.0000166975
=LET  \0$aLabour history (Print)
=SRC  \\$aBLS01$bbibmp1.200404.2.aa
=SRC  \\$aDSS01$bbibmp10.200404.2.aa
=TCO  \\$aAUS$bCAL$c008
=TOC  \\$aETOC

