=LDR  07682cas a2201501 a 4500
=001  011119929
=003  Uk
=005  20230209233447.0
=007  ta
=008  040409c19909999nyuqr\p\\\\\\\0\\\a0eng\\
=019  c\$a2411413
=022  0\$a1045-6635
=040  \\$aUk$cUk$dUk
=082  04$a918$222
=210  0\$aLatin Am. antiq.
=222  \0$aLatin American antiquity
=245  00$aLatin American antiquity :$ba journal of the Society for American Archaeology.
=260  \\$aWashington, DC :$bSociety for American Archaeology,$cc1990-
=264  31$32017-$aNew York, NY :$bCambridge University Press
=300  \\$av. :$bill. ;$c26 cm.
=310  \\$aQuarterly
=336  \\$atext$2rdacontent
=337  \\$aunmediated$2rdamedia
=338  \\$avolume$2rdacarrier
=362  0\$aVol. 1, no. 1 (Mar. 1990)-
=540  \\$aCurrent Copyright Fee: GBP22.50$c0$5Uk
=588  \\$aLatest issue consulted: volume 28, number 1 (March 2017).
=650  \0$aIndians of Mexico$xAntiquities$vPeriodicals.
=650  \0$aIndians of Central America$xAntiquities$vPeriodicals.
=650  \0$aIndians of South America$xAntiquities$vPeriodicals.
=651  \0$aLatin America$xAntiquities$vPeriodicals.
=710  2\$aSociety for American Archaeology.
=776  08$iAlso issued online as:$tLatin American antiquity$x2325-5080
=780  07$tAmerican antiquity$x0002-7316
=852  41$aBritish Library$bDSC$j5157.799000$3Vol. 1 (1990)-v. 32 (2021)***UKRR Retained Title
=945  \\$aLatin American antiquity.
=959  \\$fHeld but not currently received
=963  \\$aCA/U-3 VOL. 10, 1999- *A=1$bN
=985  \\$aCorrected by MS generated file for WR# 12.018
=985  \\$aISSN responsibility transfer in progress (Richard, 16/05/17)
=A02  \\$a2411413
=ACF  \\$aPrevious Copyright Fee: GBP0.84$c0$e01-apr-2012$fGBP0.84$g0$hC$5Uk
=ACF  \\$aPrevious Copyright Fee: GBP0.78$c0$e01-jan-2012$fGBP0.78$g0$hC$5Uk
=ACF  \\$aPrevious Copyright Fee: GBP0.78$c0$e01-oct-2011$fGBP0.78$g0$hC$5Uk
=ACF  \\$aPrevious Copyright Fee: GBP0.78$c0$e01-jul-2011$fGBP0.78$g0$hC$5Uk
=ACF  \\$aPrevious Copyright Fee: GBP0.78$c0$e01-apr-2011$fGBP0.78$g0$hC$5Uk
=ACF  \\$aPrevious Copyright Fee: GBP0.78$c0$e01-jan-2011$fGBP0.78$g0$hC$5Uk
=ACF  \\$aPrevious Copyright Fee: GBP0.78$c0$e01-oct-2010$fGBP0.78$g0$hC$5Uk
=ACF  \\$aPrevious Copyright Fee: GBP0.78$c0$e01-jul-2010$fGBP0.78$g0$hC$5Uk
=ACF  \\$aPrevious Copyright Fee: GBP0.78$c0$e01-apr-2010$fGBP0.78$g0$hC$5Uk
=ACF  \\$aPrevious Copyright Fee: GBP0.78$c0$e01-Jan-2010$fGBP0.78$g0$hC$5Uk
=ACF  \\$aPrevious Copyright Fee: GBP0.78$c0$e01-oct-2009$fGBP0.78$g0$hC$5Uk
=ACF  \\$aPrevious Copyright Fee: GBP0.93$c0$e01-jul-2009$fGBP0.93$g0$hC$5Uk
=ACF  \\$aPrevious Copyright Fee: GBP0.93$c0$e01-apr-2009$fGBP0.93$g0$hC$5Uk
=ACF  \\$aPrevious Copyright Fee: GBP0.81$c0$e01-jan-2009$fGBP0.81$g0$hC$5Uk
=ACF  \\$aPrevious Copyright Fee: GBP0.65$c0$e01-oct-2008$fGBP0.65$g0$hC$5Uk
=ACF  \\$aPrevious Copyright Fee: GBP0.65$c0$e01-jul-2008$fGBP0.65$g0$hC$5Uk
=ACF  \\$aPrevious Copyright Fee: GBP0.65$c0$e01-apr-2008$fGBP0.65$g0$hC$5Uk
=ACF  \\$aPrevious Copyright Fee: GBP0.65$c0$e01-jan-2008$fGBP0.65$g0$hC$5Uk
=ACF  \\$aPrevious Copyright Fee: GBP0.65$c0$e01-oct-2007$fGBP0.65$g0$hC$5Uk
=ACF  \\$aPrevious Copyright Fee: GBP0.65$c0$e01-jul-2007$fGBP0.65$g0$hC$5Uk
=ACF  \\$aPrevious Copyright Fee: GBP0.67$c0$e01-apr-2007$fGBP0.67$g0$hC$5Uk
=ACF  \\$aPrevious Copyright Fee: GBP0.70$c0$e01-jan-2007$fGBP0.70$g0$hC$5Uk
=ACF  \\$aPrevious Copyright Fee: GBP0.70$c0$e01-oct-2006$fGBP0.70$g0$hC$5Uk
=ACF  \\$aPrevious Copyright Fee: GBP0.74$c0$e01-jul-2006$fGBP0.74$g0$hC$5Uk
=ACF  \\$aPrevious Copyright Fee: GBP0.74$c0$e01-apr-2006$fGBP0.74$g0$hC$5Uk
=ACF  \\$aPrevious Copyright Fee: GBP0.72$c0$e01-jan-2006$fGBP0.72$g0$hC$5Uk
=ACF  \\$aPrevious Copyright Fee: GBP0.70$c0$e01-oct-2005$fGBP0.70$g0$hC$5Uk
=ACF  \\$aPrevious Copyright Fee: GBP0.70$c0$e01-jul-2005$fGBP0.70$g0$hC$5Uk
=ACF  \\$aPrevious Copyright Fee: GBP0.70$c0$e01-apr-2005$fGBP0.70$g0$hC$5Uk
=ACF  \\$aPrevious Copyright Fee: GBP0.72$c0$e01-jan-2005$fGBP0.72$g0$hC$5Uk
=ACF  \\$aPrevious Copyright Fee: GBP0.70$c0$e01-oct-2004$fGBP0.70$g0$hC$5Uk
=ACF  \\$aPrevious copyright fee: GBP0.70$c0$e01-apr-2004$fGBP0.70$g0$hC$5Uk
=ACF  \\$aCurrent copyright fee: GBP0.76$c0$e01-jan-2004$fGBP0.76$g0$hC$5Uk
=ACF  \\$aCurrent copyright fee: GBP0.81$c0$e01-jan-2003$fGBP0.81$g0$hC$5Uk
=ACF  \\$aPrevious Copyright Fee: GBP0.79$c0$e01-jul-2012$fGBP0.79$g0$hC$5Uk
=ACF  \\$aPrevious Copyright Fee: GBP0.84$c0$e01-oct-2012$fGBP0.84$g0$hC$5Uk
=ACF  \\$aPrevious Copyright Fee: GBP0.81$c0$e01-jan-2013$fGBP0.81$g0$hC$5Uk
=ACF  \\$aPrevious Copyright Fee: GBP0.84$c0$e01-jul-2013$fGBP0.84$g0$hC$5Uk
=ACF  \\$aPrevious Copyright Fee: GBP0.78$c0$e01-oct-2013$fGBP0.78$g0$hC$5Uk
=ACF  \\$aPrevious Copyright Fee: GBP0.81$c0$e01-jan-2014$fGBP0.81$g0$hC$5Uk
=ACF  \\$aPrevious Copyright Fee: GBP0.79$c0$e01-jul-2014$fGBP0.79$g0$hC$5Uk
=ACF  \\$aPrevious Copyright Fee: GBP0.61$c0$e01-jan-2015$fGBP0.61$g0$hC$5Uk
=ACF  \\$aPrevious Copyright Fee: GBP0.67$c0$e01-apr-2015$fGBP0.67$g0$hC$5Uk
=ACF  \\$aPrevious Copyright Fee: GBP0.65$c0$e01-oct-2015$fGBP0.65$g0$hC$5Uk
=ACF  \\$aPrevious Copyright Fee: GBP0.69$c0$e01-apr-2016$fGBP0.69$g0$hC$5Uk
=ACF  \\$aPrevious Copyright Fee: GBP0.74$c0$e01-oct-2016$fGBP0.74$g0$hC$5Uk
=ACF  \\$aPrevious copyright fee: GBP25.00$c43\0$e01-jan-2017$fGBP25.00$g0$hP$5Uk
=ACF  \\$aPrevious Copyright Fee: GBP17.50$c0$e01-apr-2019$fGBP17.50$g0$hA$5Uk
=ACF  \\$aPrevious Copyright Fee: GBP10.00$c0$e01-jul-2019$fGBP10.00$g0$hC$5Uk
=ACF  \\$aPrevious Copyright Fee: GBP22.50$c0$e01-apr-2021$fGBP22.50$g0$hC$5Uk
=CAT  \\$aCONV$b00$c20040425$lBLL90$h0705
=CAT  \\$aBATCH-CLA$b00$c20150828$lBLL01$h1539
=CAT  \\$aIPL-CLA$c20150930$lBLL01$h1755
=CAT  \\$aBATCH-CLA$b00$c20160229$lBLL01$h1613
=CAT  \\$aIPL-CLA$c20160331$lBLL01$h1714
=CAT  \\$aBATCH-CLA$b00$c20160831$lBLL01$h1649
=CAT  \\$aIPL-CLA$c20160930$lBLL01$h1554
=CAT  \\$a5552$b40$c20161128$lBLL01$h1333
=CAT  \\$aIPL-CLA$c20161230$lBLL01$h2005
=CAT  \\$aBLDSS-3PM$b00$c20170103$lBLL01$h1638
=CAT  \\$aBATCH-UPD$b00$c20170103$lBLL01$h1642
=CAT  \\$aBATCH-UPD$b00$c20170104$lBLL01$h0050
=CAT  \\$a10806$b40$c20170516$lBLL01$h1326
=CAT  \\$a10806$b40$c20170516$lBLL01$h1329
=CAT  \\$a10806$b40$c20170516$lBLL01$h1332
=CAT  \\$aW1902-1304$c20190314$lBLL01$h1238
=CAT  \\$aBATCH-UPD$b00$c20190314$lBLL01$h1617
=CAT  \\$aIPL-CLA$c20190331$lBLL01$h1724
=CAT  \\$aDEL-3PM$c20190409$lBLL01$h0904
=CAT  \\$aBATCH-CLA$b00$c20190531$lBLL01$h1623
=CAT  \\$aIPL-CLA$c20190630$lBLL01$h1529
=CAT  \\$aBATCH-CLA$b00$c20210227$lBLL01$h1012
=CAT  \\$aIPL-CLA$c20210331$lBLL01$h1658
=CAT  \\$a6558$b40$c20211214$lBLL01$h1301
=CAT  \\$aBATCH-CLA$b00$c20221130$lBLL01$h1444
=CAT  \\$aIPL-CLA$c20221231$lBLL01$h1441
=CAT  \\$aBATCH-CLA$b00$c20230209$lBLL01$h1531
=CAT  \\$aIPL-CLA$c20230209$lBLL01$h2334
=CFI  0\$aCurrent Copyright Fee: GBP22.50$c0$e09-feb-2023$fGBP22.50$g0$hC$5Uk
=CFI  2\$aBritish Library not licensed to copy$c0$e01-jan-2023$hC$iCFP Excluded$5Uk
=FIN  \\$aY
=FMT  \\$a  SE
=LAS  \\$aIPL-CLA$b00$c20230209$lBLL01$h2334
=LEO  \\$aMP10.0000339742
=SRC  \\$aDSS01$bbibmp10.200404.2.aa
=TCO  \\$aTRS$bCCC$c008
=TOC  \\$aETOC

