=LDR  07011cas a2201441 a 4500
=001  011122260
=003  Uk
=005  20230511162739.0
=007  ta
=008  920618c19689999mauqn\p\\\\\\\0\\\a0eng\\
=019  c\$a2099434
=019  x\$a1893110133
=022  0\$a0024-094X
=040  \\$aUk$cUk$dUk
=082  04$a700$222
=210  0\$aLeonardo$b(Oxf.)
=222  \0$aLeonardo$b(Oxford)
=245  00$aLeonardo :$binternational journal of the contemporary artist.
=246  1\$iChange in subtitle:$aLeonardo :$bjournal of the International Society for the Arts, Sciences and Technology
=260  \\$aOxford :$bPergamon Press,$c1968-
=260  3\$aCambridge, MA. :$bMIT Press
=300  \\$av. :$bill. ;$c29 cm.
=310  \\$aFive issues yearly,$b<1993->
=321  \\$aQuarterly,$b1968-1990
=321  \\$aSix issues yearly,$b1991-
=336  \\$atext$2rdacontent
=337  \\$aunmediated$2rdamedia
=338  \\$avolume$2rdacarrier
=362  0\$aVol. 1, no. 1 (Jan. 1968)-
=540  \\$aCurrent Copyright Fee: GBP12.00$c87\0$5Uk
=550  \\$aIssued as: Official journal of the International Society for the Arts, Sciences, and Technology, <1987->
=595  \\$aSee also Book Catalogue.
=650  \0$aArt, Modern$y20th century$vPeriodicals.
=710  2\$aInternational Society for the Arts, Sciences, and Technology.
=770  0\$tLeonardo music journal$x0961-1215
=770  0\$tLeonardo. Supplemental issue$x1748-7331
=776  1\$tLeonardo (Oxford. Online)$x1530-9282
=852  41$aBritish Library$bDSC$j5182.600000$3Vol. 1, no. 1 (1968)-***UKRR Retained Title
=852  41$aBritish Library$bHMNTS$jP.423/44$3Vol. 1, no. 1 (Jan. 1968)-v. 25, no. 5 (1992)
=856  \\$31850-9999$uhttp://www.mitpressjournals.org/$xBLDSS
=945  \\$aLEONARDO -OXFORD THEN CAMBRIDGE MA- PERGAMON PRESS THEN MIT PRESS-.
=959  \\$fCurrently received
=963  \\$aVOL. 1, 1968- *A=1$bY$cT400.B.231
=985  \\$aCorrected by MS generated file for WR# 12.018
=985  \\$aResponsibility for ISSN transferred to US ISSN Center from ISSN UK Centre, 21.05.12
=985  \\$aCONFERENCE ANALYTIC RECORDS EXIST
=ACF  \\$aBritish Library not licensed to copy$c0$e01-oct-2012$hC$iCFP Excluded$5Uk
=ACF  \\$aBritish Library not licensed to copy$c0$e01-apr-2012$hC$iCLA Excluded$5Uk
=ACF  \\$aPrevious Copyright Fee: GBP9.00$c0$e01-jan-2012$fGBP9.00$g0$hC$5Uk
=ACF  \\$aPrevious Copyright Fee: GBP9.00$c0$e01-oct-2011$fGBP9.00$g0$hC$5Uk
=ACF  \\$aPrevious Copyright Fee: GBP7.20$c0$e01-jul-2011$fGBP7.20$g0$hC$5Uk
=ACF  \\$aPrevious Copyright Fee: GBP7.20$c0$e01-apr-2011$fGBP7.20$g0$hC$5Uk
=ACF  \\$aPrevious Copyright Fee: GBP7.20$c0$e01-jan-2011$fGBP7.20$g0$hC$5Uk
=ACF  \\$aPrevious Copyright Fee: GBP7.20$c0$e01-oct-2010$fGBP7.20$g0$hC$5Uk
=ACF  \\$aPrevious Copyright Fee: GBP7.20$c0$e01-jul-2010$fGBP7.20$g0$hC$5Uk
=ACF  \\$aPrevious Copyright Fee: GBP7.20$c0$e01-apr-2010$fGBP7.20$g0$hC$5Uk
=ACF  \\$aBritish Library not licensed to copy$c0$e01-Jan-2010$hC$iCLA Excluded$5Uk
=ACF  \\$aPrevious Copyright Fee: GBP7.20$c0$e01-oct-2009$fGBP7.20$g0$hC$5Uk
=ACF  \\$aPrevious Copyright Fee: GBP7.14$c0$e01-jul-2009$fGBP7.14$g0$hC$5Uk
=ACF  \\$aPrevious Copyright Fee: GBP7.14$c0$e01-apr-2009$fGBP7.14$g0$hC$5Uk
=ACF  \\$aPrevious Copyright Fee: GBP6.25$c0$e01-jan-2009$fGBP6.25$g0$hC$5Uk
=ACF  \\$aPrevious Copyright Fee: GBP5.00$c0$e01-oct-2008$fGBP5.00$g0$hC$5Uk
=ACF  \\$aPrevious Copyright Fee: GBP5.00$c0$e01-jul-2008$fGBP5.00$g0$hC$5Uk
=ACF  \\$aPrevious Copyright Fee: GBP5.00$c0$e01-apr-2008$fGBP5.00$g0$hC$5Uk
=ACF  \\$aPrevious Copyright Fee: GBP5.00$c0$e01-jan-2008$fGBP5.00$g0$hC$5Uk
=ACF  \\$aPrevious Copyright Fee: GBP5.00$c0$e01-oct-2007$fGBP5.00$g0$hC$5Uk
=ACF  \\$aPrevious Copyright Fee: GBP5.00$c0$e01-jul-2007$fGBP5.00$g0$hC$5Uk
=ACF  \\$aPrevious Copyright Fee: GBP5.13$c0$e01-apr-2007$fGBP5.13$g0$hC$5Uk
=ACF  \\$aPrevious Copyright Fee: GBP5.41$c0$e01-jan-2007$fGBP5.41$g0$hC$5Uk
=ACF  \\$aPrevious Copyright Fee: GBP5.41$c0$e01-oct-2006$fGBP5.41$g0$hC$5Uk
=ACF  \\$aPrevious Copyright Fee: GBP5.71$c0$e01-jul-2006$fGBP5.71$g0$hC$5Uk
=ACF  \\$aPrevious Copyright Fee: GBP5.71$c0$e01-apr-2006$fGBP5.71$g0$hC$5Uk
=ACF  \\$aPrevious Copyright Fee: GBP5.56$c0$e01-jan-2006$fGBP5.56$g0$hC$5Uk
=ACF  \\$aPrevious Copyright Fee: GBP5.41$c0$e01-oct-2005$fGBP5.41$g0$hC$5Uk
=ACF  \\$aPrevious Copyright Fee: GBP5.41$c0$e01-jul-2005$fGBP5.41$g0$hC$5Uk
=ACF  \\$aPrevious Copyright Fee: GBP5.41$c0$e01-apr-2005$fGBP5.41$g0$hC$5Uk
=ACF  \\$aPrevious Copyright Fee: GBP5.56$c0$e01-jan-2005$fGBP5.56$g0$hC$5Uk
=ACF  \\$aPrevious Copyright Fee: GBP5.41$c0$e01-oct-2004$fGBP5.41$g0$hC$5Uk
=ACF  \\$aPrevious copyright fee: GBP5.41$c0$e01-apr-2004$fGBP5.41$g0$hC$5Uk
=ACF  \\$aCurrent copyright fee: GBP5.88$c0$e01-jan-2004$fGBP5.88$g0$hC$5Uk
=ACF  \\$aCurrent copyright fee: GBP6.25$c0$e01-jan-2003$fGBP6.25$g0$hC$5Uk
=ACF  \\$aBritish Library not licensed to copy$c0$e01-jul-2012$hC$iCLA Excluded$5Uk
=CAT  \\$aCONV$b00$c20040425$lBLL90$h0705
=CAT  \\$a10973$b40$c20120329$lBLL01$h0930
=CAT  \\$a10973$b40$c20120329$lBLL01$h0933
=CAT  \\$a10973$b40$c20120329$lBLL01$h0938
=CAT  \\$aIPL-CLA$c20120330$lBLL01$h1420
=CAT  \\$a10806$b40$c20120521$lBLL01$h0935
=CAT  \\$aBATCH-CLA$b00$c20120531$lBLL01$h1717
=CAT  \\$aBATCH-UPD$b00$c20120614$lBLL01$h2138
=CAT  \\$aIPL-CLA$c20120629$lBLL01$h1018
=CAT  \\$aBLSS-CORR$b00$c20120724$lBLL01$h1758
=CAT  \\$a10934$b40$c20120815$lBLL01$h0810
=CAT  \\$aBATCH-CLA$b00$c20120831$lBLL01$h1544
=CAT  \\$aIPL-CLA$c20120930$lBLL01$h2053
=CAT  \\$aBATCH-CLA$b00$c20121107$lBLL01$h1909
=CAT  \\$aWR12_128$c20121113$lBLL01$h1836
=CAT  \\$aBATCH-CLA$b00$c20121130$lBLL01$h1235
=CAT  \\$aWR12_168$c20121206$lBLL01$h1835
=CAT  \\$aIPL-CLA$c20121231$lBLL01$h1301
=CAT  \\$aIPL-CLA$c20130102$lBLL01$h1713
=CAT  \\$a8055$b40$c20130301$lBLL01$h1137
=CAT  \\$aWR13.005$c20130323$lBLL01$h1418
=CAT  \\$a5552$b40$c20130517$lBLL01$h0923
=CAT  \\$aBLDSS-3PM$b00$c20150131$lBLL01$h2311
=CAT  \\$aBATCH-UPD$b00$c20160524$lBLL01$h2259
=CAT  \\$aBATCH-UPD$b00$c20160525$lBLL01$h0650
=CAT  \\$aBATCH-FIX$c20230511$lBLL01$h1627
=CFI  0\$aCurrent Copyright Fee: GBP12.00$c87\0$e17-may-2013$fGBP12.00$g0$hP$5Uk
=CFI  2\$aBritish Library not licensed to copy$c0$e01-jan-2013$hC$iCFP Excluded$5Uk
=FFP  \\$aY$bBLDSS-3PM
=FIN  \\$aY
=FMT  \\$a  SE
=LAS  \\$aBATCH-FIX$b00$c20230511$lBLL01$h1627
=LEO  \\$aMP22.0000001272
=LEO  \\$aMP10.0000342898
=LEO  \\$aMP1.0002265076
=SRC  \\$aISN01$bbibmp22.200404.2.aa
=SRC  \\$aDSS01$bbibmp10.200404.2.aa
=SRC  \\$aBLS01$bbibmp1.200404.2.ac
=TCO  \\$aCLA$bCLA$c008
=TOC  \\$aETOC
=UNO  \\$aY

