=LDR  06736cas a2201489 a 4500
=001  011127689
=003  Uk
=005  20150107094520.0
=007  ta
=008  910321c19909999ne\qr\p\\\\\\\0\\\a0eng\\
=015  \\$aGB9116851$2bnb
=019  c\$a2412347
=019  y\$ab9116851
=019  9\$ab9116851
=019  1\$ab9116851
=022  0\$a0957-9656
=039  0\$a2133
=040  \\$aUk$beng$cUk$dUk
=042  \\$aukblsr
=082  04$a002$220
=130  0\$aLogos (Letchworth, England)
=210  0\$aLogos$b(Lond.)
=222  \0$aLogos$b(London)
=245  10$aLogos :$bthe professional journal for the book world.
=246  1\$iSubtitle change:$aLogos :$bjournal of the world publishing community
=260  \\$aLetchworth :$bWhurr,$c1990-
=260  2\$aLondon :$bWhurr Publishers Limited
=264  31$aLeiden, The Netherlands :$bBrill
=300  \\$av. :$bports. ;$c28 cm.
=310  \\$aQuarterly
=336  \\$atext$2rdacontent
=337  \\$aunmediated$2rdamedia
=338  \\$avolume$2rdacarrier
=362  0\$aVol. 1, issue 1 (1990)-
=540  \\$aCurrent Copyright Fee: GBP22.00$c74\0$5Uk
=588  \\$aLatest issue consulted: volume 25, issue 3 (2014).
=650  \0$aPublishers and publishing$vPeriodicals.
=650  \0$aBook industries and trade$vPeriodicals.
=650  \0$aBooksellers and bookselling$vPeriodicals.
=650  \0$aAcquisitions (Libraries)$vPeriodicals.
=650  \0$aLibraries$vPeriodicals.
=650  \0$aAuthorship$vPeriodicals.
=776  0\$tLogos (London. Online)$x1878-4712
=852  41$aBritish Library$bDSC$j5292.404000$3Vol. 1, issue 1 (1990)-***UKRR Retained Title***Stock Incomplete
=852  41$aBritish Library$bHMNTS$jZC.9.a.2506$3Vol.1, issue 1 (1990)-v. 19, no. 4 (2008)
=856  \\$31850-9999$uhttp://www.brill.com/$xBLDSS
=945  \\$aLOGOS -LONDON-.
=963  \\$aVOL. 1, 1990- *A=1$bN$cL894:1.B.294
=985  \\$aISSN responsibility taken by ISSN Netherlands, 07.01.2015.
=985  \\$aCONFERENCE ANALYTIC RECORDS EXIST
=A02  \\$a2412347
=ACF  \\$aPrevious Copyright Fee: GBP22.60$c0$e01-apr-2012$fGBP22.60$g0$hC$5Uk
=ACF  \\$aPrevious Copyright Fee: GBP22.60$c0$e01-jan-2012$fGBP22.60$g0$hC$5Uk
=ACF  \\$aPrevious Copyright Fee: GBP22.60$c0$e01-oct-2011$fGBP22.60$g0$hC$5Uk
=ACF  \\$aPrevious Copyright Fee: GBP22.60$c0$e01-jul-2011$fGBP22.60$g0$hC$5Uk
=ACF  \\$aPrevious Copyright Fee: GBP22.60$c0$e01-apr-2011$fGBP22.60$g0$hC$5Uk
=ACF  \\$aPrevious Copyright Fee: GBP17.00$c0$e01-jan-2011$fGBP17.00$g0$hC$5Uk
=ACF  \\$aPrevious Copyright Fee: GBP17.00$c0$e01-oct-2010$fGBP17.00$g0$hC$5Uk
=ACF  \\$aPrevious Copyright Fee: GBP17.00$c0$e01-jul-2010$fGBP17.00$g0$hC$5Uk
=ACF  \\$aPrevious Copyright Fee: GBP17.00$c0$e01-apr-2010$fGBP17.00$g0$hC$5Uk
=ACF  \\$aPrevious Copyright Fee: GBP17.00$c0$e01-Jan-2010$fGBP17.00$g0$hC$5Uk
=ACF  \\$aPrevious Copyright Fee: GBP17.00$c0$e01-oct-2009$fGBP17.00$g0$hC$5Uk
=ACF  \\$aPrevious Copyright Fee: GBP17.00$c0$e01-jul-2009$fGBP17.00$g0$hC$5Uk
=ACF  \\$aPrevious Copyright Fee: GBP17.00$c0$e01-apr-2009$fGBP17.00$g0$hC$5Uk
=ACF  \\$aPrevious Copyright Fee: GBP17.00$c0$e01-jan-2009$fGBP17.00$g0$hC$5Uk
=ACF  \\$aPrevious Copyright Fee: GBP17.00$c0$e01-oct-2008$fGBP17.00$g0$hC$5Uk
=ACF  \\$aPrevious Copyright Fee: GBP17.00$c0$e01-jul-2008$fGBP17.00$g0$hC$5Uk
=ACF  \\$aPrevious Copyright Fee: GBP17.00$c0$e01-apr-2008$fGBP17.00$g0$hC$5Uk
=ACF  \\$aPrevious Copyright Fee: GBP17.00$c0$e01-jan-2008$fGBP17.00$g0$hC$5Uk
=ACF  \\$aPrevious Copyright Fee: GBP17.00$c0$e01-oct-2007$fGBP17.00$g0$hC$5Uk
=ACF  \\$aPrevious Copyright Fee: GBP17.00$c0$e01-jul-2007$fGBP17.00$g0$hC$5Uk
=ACF  \\$aPrevious Copyright Fee: GBP17.00$c0$e01-apr-2007$fGBP17.00$g0$hC$5Uk
=ACF  \\$aPrevious Copyright Fee: GBP17.00$c0$e01-jan-2007$fGBP17.00$g0$hC$5Uk
=ACF  \\$aPrevious Copyright Fee: GBP17.00$c0$e01-oct-2006$fGBP17.00$g0$hC$5Uk
=ACF  \\$aPrevious Copyright Fee: GBP17.00$c0$e01-jul-2006$fGBP17.00$g0$hC$5Uk
=ACF  \\$aPrevious Copyright Fee: GBP17.00$c0$e01-apr-2006$fGBP17.00$g0$hC$5Uk
=ACF  \\$aPrevious Copyright Fee: GBP17.00$c0$e01-jan-2006$fGBP17.00$g0$hC$5Uk
=ACF  \\$aPrevious Copyright Fee: GBP17.00$c0$e01-oct-2005$fGBP17.00$g0$hC$5Uk
=ACF  \\$aPrevious Copyright Fee: GBP5.00$c0$e01-jul-2005$fGBP5.00$g0$hC$5Uk
=ACF  \\$aPrevious Copyright Fee: GBP5.00$c0$e01-apr-2005$fGBP5.00$g0$hC$5Uk
=ACF  \\$aPrevious Copyright Fee: GBP5.00$c0$e01-jan-2005$fGBP5.00$g0$hC$5Uk
=ACF  \\$aPrevious Copyright Fee: GBP5.00$c0$e01-oct-2004$fGBP5.00$g0$hC$5Uk
=ACF  \\$aPrevious copyright fee: GBP5.00$c0$e01-jul-2001$fGBP5.00$g0$hC$5Uk
=ACF  \\$aCurrent copyright fee: GBP3.50$c0$e01-apr-1997$fGBP3.50$g0$hC$5Uk
=CAT  \\$aWR09-126
=CAT  \\$aIPL-CLA$c20101231$lBLL01$h1413
=CAT  \\$a8874$b40$c20110218$lBLL01$h1439
=CAT  \\$aBATCH-CLA$b00$c20110228$lBLL01$h1539
=CAT  \\$a11313$b40$c20110303$lBLL01$h1052
=CAT  \\$a8874$b40$c20110323$lBLL01$h1109
=CAT  \\$aIPL-CLA$c20110331$lBLL01$h1452
=CAT  \\$aBATCH-CLA$b00$c20110531$lBLL01$h1632
=CAT  \\$aIPL-CLA$c20110630$lBLL01$h1532
=CAT  \\$aBATCH-CLA$b00$c20110831$lBLL01$h1754
=CAT  \\$aIPL-CLA$c20110930$lBLL01$h1534
=CAT  \\$aBATCH-CLA$b00$c20111130$lBLL01$h1202
=CAT  \\$aIPL-CLA$c20111230$lBLL01$h1915
=CAT  \\$aBATCH-CLA$b00$c20120229$lBLL01$h1615
=CAT  \\$aIPL-CLA$c20120330$lBLL01$h1421
=CAT  \\$aBATCH-CLA$b00$c20120531$lBLL01$h1711
=CAT  \\$aIPL-CLA$c20120629$lBLL01$h1018
=CAT  \\$a8439$b40$c20121105$lBLL01$h1056
=CAT  \\$aBATCH-CLA$b00$c20121107$lBLL01$h1908
=CAT  \\$a8342$b40$c20121108$lBLL01$h1205
=CAT  \\$aWR14_140$c20140905$lBLL01$h1747
=CAT  \\$a11205$b40$c20141230$lBLL01$h1408
=CAT  \\$a11313$b40$c20150107$lBLL01$h0945
=CAT  \\$aBLDSS-3PM$b00$c20150131$lBLL01$h2312
=CAT  \\$aBATCH-UPD$b00$c20160524$lBLL01$h2259
=CAT  \\$aBATCH-UPD$b00$c20160525$lBLL01$h0650
=CFI  0\$aCurrent copyright fee: GBP22.00$c74\0$e05-nov-2012$fGBP22.00$g0$hP$5Uk
=CFI  2\$aPrevious copyright Fee: GBP22.60$c0$e01-jul-2012$fGBP22.60$g0$hC$5Uk
=FFP  \\$aY$bBLDSS-3PM
=FIN  \\$aY
=FMT  \\$a  SE
=LAS  \\$aBATCH-UPD$b00$c20160525$lBLL01$h0650
=LEO  \\$aMP22.0000031208
=LEO  \\$aMP5.0000788934
=LEO  \\$aMP13.0000307315
=LEO  \\$aMP10.0000350110
=SRC  \\$aISN01$bbibmp22.200404.2.aa
=SRC  \\$aBNB03$bbibmp5.200404.2.ab
=SRC  \\$aHSS01$bbibmp13.200404.2.aa
=SRC  \\$aDSS01$bbibmp10.200404.2.aa
=TCO  \\$aCLA$bCLA$c008
=TOC  \\$aETOC
=UNO  \\$aY

