=LDR  06381cas a2201405 a 4500
=001  011131075
=003  Uk
=005  20221231144129.0
=006  aa\\\|||||||||||||
=007  ta
=008  930518c19939999enkqr\p\\\\\\\0\\\a0eng\\
=015  \\$aGB9325901$2bnb
=019  y\$ab9325901
=019  9\$ab9325901
=019  0\$as594051002
=019  c\$a2467856
=022  0\$a0968-5243$y1352-8661
=039  0\$a2239
=040  \\$aUk$cUk$dUk
=082  04$a543.0877$221
=084  \\$aQW 10$2blsrissc
=084  \\$aGR 197$2blsrissc
=210  0\$aMAGMA$b(N.Y., 1993)
=222  \0$aMAGMA$b(New York. 1993)
=245  00$aMagma.
=246  3\$aMagnetic resonance materials in physics, biology, and medicine
=260  \\$aNew York, NY :$bChapman & Hall,$c1993-
=300  \\$av.
=310  \\$aQuarterly
=336  \\$atext$2rdacontent
=337  \\$aunmediated$2rdamedia
=338  \\$avolume$2rdacarrier
=362  0\$aVol.1, no.1 (Mar. 1993)-
=530  \\$aAlso available online.
=540  \\$aCurrent copyright fee: GBP34.95$c22\1$5Uk
=597  \\$aEnhanced$bSRIS DDC
=650  \0$aMagnetic resonance imaging$vPeriodicals.
=653  1\$aNuclear magnetic resonance spectroscopy
=710  2\$aEuropean Society for Magnetic Resonance in Medicine and Biology.
=776  0\$tMagma (New York, N.Y. : Online)
=852  71$aBritish Library$bSTI$k(P)$hQW 10$m-E(8)$2blsrissc$3Volume 1, Part 1 (1993:Mar.)-Volume 6, Part 2/3 (1998:Sep.), Volume 7, Part 1 (1998:Nov.)-Volume 8, Part 1 (1999:Mar.)-Volume 8, Part 3 (1999:Aug.), Volume 9, Part 1/2 (1999:Oct.)-Volume 15, Part 1/3 (2002:Nov.), Volume 19, Number 1 (2006), Volume 19 number 3 (2006)
=852  41$aBritish Library$bDSC$j5334.854000$3Vol. 1, no. 1 (1993)-v. 22, no. 6 (2009)***UKRR Retained Title***Stock incomplete
=856  \\$31850-9999$uhttp://www.springer.com/gb/$xBLDSS
=945  \\$aMAGMA -LONDON AND NEW YORK-.
=957  \\$aCR
=959  \\$fHeld but not currently received
=963  \\$aVOL. 1, 1993- *A=1$bN$cU
=985  \\$aRecord merged by DQ team
=985  \\$aResponsibility for ISSN transferred to ISSN US Centre.
=985  \\$aISSN 1352-8661 cancelled, but to be re-instated for online version by ISSN Germany 02.10.08
=A02  \\$a2467856
=ACF  \\$aPrevious copyright fee: GBP21.25$c22\7$e01-jan-2009$fGBP21.25$g0$hP$5Uk
=ACF  \\$aPrevious copyright fee: GBP16.75$c22\7$e01-jan-2007$fGBP16.75$g0$hP$5Uk
=ACF  \\$aPrevious copyright fee: GBP16.22$c22\7$e01-oct-2006$fGBP16.22$g0$hP$5Uk
=ACF  \\$aPrevious copyright fee: GBP17.14$c22\7$e01-apr-2006$fGBP17.14$g0$hP$5Uk
=ACF  \\$aPrevious copyright fee: GBP16.67$c22\7$e01-jan-2006$fGBP16.67$g0$hP$5Uk
=ACF  \\$aPrevious copyright fee: GBP16.22$c22\7$e01-apr-2005$fGBP16.22$g0$hP$5Uk
=ACF  \\$aPrevious copyright fee: GBP16.67$c22\7$e01-jan-2005$fGBP16.67$g0$hP$5Uk
=ACF  \\$aPrevious copyright fee: GBP18.92$c22\7$e01-apr-2004$fGBP18.92$g0$hP$5Uk
=ACF  \\$aCurrent copyright fee: GBP20.58$c22\7$e04-feb-2004$fGBP20.58$g0$hP$5Uk
=ACF  \\$aCurrent copyright fee: GBP20.00$c5\7$e01-jan-2003$fGBP20.00$g0$hP$5Uk
=ACF  \\$aPrevious copyright fee: GBP22.00$c22\7$e01-apr-2009$fGBP22.00$g0$hP$5Uk
=ACF  \\$aPrevious copyright fee: GBP22.00$c22\7$e12-aug-2012$fGBP22.00$g0$hP$5Uk
=ACF  \\$aPrevious copyright fee: GBP25.00$c22\7$e01-jan-2013$fGBP25.00$g0$hP$5Uk
=ACF  \\$aPrevious copyright fee: GBP25.77$c22\7$e01-jul-2013$fGBP25.77$g0$hP$5Uk
=ACF  \\$aPrevious copyright fee: GBP24.97$c22\7$e01-jan-2014$fGBP24.97$g0$hP$5Uk
=ACF  \\$aPrevious copyright fee: GBP24.21$c22\7$e01-jul-2014$fGBP24.21$g0$hP$5Uk
=ACF  \\$aPrevious copyright fee: GBP25.77$c22\7$e01-apr-2015$fGBP25.77$g0$hP$5Uk
=ACF  \\$aPrevious copyright fee: GBP26.63$c22\7$e01-jul-2015$fGBP26.63$g0$hP$5Uk
=ACF  \\$aPrevious copyright fee: GBP25.77$c22\7$e01-oct-2015$fGBP25.77$g0$hP$5Uk
=ACF  \\$aPrevious copyright fee: GBP27.55$c22\7$e01-apr-2016$fGBP27.55$g0$hP$5Uk
=ACF  \\$aPrevious copyright fee: GBP29.59$c22\7$e01-oct-2016$fGBP29.59$g0$hP$5Uk
=ACF  \\$aPrevious copyright fee: GBP31.96$c22\7$e01-apr-2017$fGBP31.96$g0$hP$5Uk
=ACF  \\$aPrevious copyright fee: GBP30.73$c22\7$e01-oct-2017$fGBP30.73$g0$hP$5Uk
=ACF  \\$aPrevious copyright fee: GBP28.54$c22\7$e01-apr-2018$fGBP28.54$g0$hP$5Uk
=ACF  \\$aPrevious copyright fee: GBP34.00$c22\1$e01-jul-2018$fGBP34.00$g0$hP$5Uk
=CAT  \\$aWR09-126
=CAT  \\$aBATCH-UPD$b00$c20150219$lBLL01$h1752
=CAT  \\$aIPL-CLA$c20150331$lBLL01$h1628
=CAT  \\$aBATCH-UPD$b00$c20150520$lBLL01$h1756
=CAT  \\$aIPL-CLA$c20150630$lBLL01$h1639
=CAT  \\$aBATCH-UPD$b00$c20150820$lBLL01$h1843
=CAT  \\$aIPL-CLA$c20150930$lBLL01$h1755
=CAT  \\$aBATCH-UPD$b00$c20160217$lBLL01$h1735
=CAT  \\$aIPL-CLA$c20160331$lBLL01$h1714
=CAT  \\$aBATCH-UPD$b00$c20160413$lBLL01$h1812
=CAT  \\$aBATCH-UPD$b00$c20160524$lBLL01$h2208
=CAT  \\$aBATCH-UPD$b00$c20160525$lBLL01$h0005
=CAT  \\$aBATCH-UPD$b00$c20160824$lBLL01$h1801
=CAT  \\$aIPL-CLA$c20160930$lBLL01$h1554
=CAT  \\$aBATCH-UPD$b00$c20170216$lBLL01$h1850
=CAT  \\$aIPL-CLA$c20170331$lBLL01$h1837
=CAT  \\$aBATCH-UPD$b00$c20170904$lBLL01$h1859
=CAT  \\$aIPL-CLA$c20170929$lBLL01$h1720
=CAT  \\$aBATCH-UPD$b00$c20180223$lBLL01$h1732
=CAT  \\$aIPL-CLA$c20180331$lBLL01$h1610
=CAT  \\$aBATCH-UPD$b00$c20180524$lBLL01$h1720
=CAT  \\$aIPL-CLA$c20180630$lBLL01$h1912
=CAT  \\$a5552$b40$c20210823$lBLL01$h1039
=CAT  \\$aIPL-CLA$c20210930$lBLL01$h1527
=CAT  \\$aBATCH-UPD$b00$c20221121$lBLL01$h1410
=CAT  \\$aIPL-CLA$c20221231$lBLL01$h1441
=CFI  0\$aCurrent copyright fee: GBP34.95$c22\1$e01-jan-2023$fGBP34.95$g0$hP$5Uk
=CFI  2\$aPrevious copyright fee: GBP43.00$c22\1$e01-oct-2021$fGBP43.00$g0$hP$5Uk
=EST  \\$a2
=FFP  \\$aY$bBLDSS-3PM
=FIN  \\$aY
=FMT  \\$a  SE
=LAS  \\$aIPL-CLA$b00$c20221231$lBLL01$h1441
=LEO  \\$aMP5.0000808009
=LEO  \\$aMP22.0000039513
=LEO  \\$aMP25.0000285225
=LEO  \\$aMP10.0000354573
=SRC  \\$aBNB03$bbibmp5.200404.2.ab
=SRC  \\$aISN01$bbibmp22.200404.2.aa
=SRC  \\$aSRI01$bbibmp25.200404.2.aa
=SRC  \\$aDSS01$bbibmp10.200404.2.aa
=TCO  \\$aCLA$bCLA$c008
=TOC  \\$aETOC
=UNO  \\$aY

