=LDR  04067cas a22009857a 4500
=001  011135172
=003  Uk
=005  20221231200822.0
=007  ta
=008  890620c19799999enk\x\m\\\\\\\0\\\a0eng\\
=019  c\$a2167953
=019  1\$ar6869170
=022  0\$a0957-0322
=040  \\$aUk$cUk$dUk
=210  0\$aTexts diss.
=222  \0$aTexts and dissertations
=245  00$aTexts and dissertations
=246  13$aModern Humanities Research Association texts and dissertations
=246  14$aMHRA texts and dissertations
=260  \\$aLondon :$bModern Humanities Research Association,$c1979-
=300  \\$av. ;$c23 cm.
=310  \\$aIrregular
=336  \\$atext$2rdacontent
=337  \\$aunmediated$2rdamedia
=338  \\$avolume$2rdacarrier
=362  0\$aVol. 10 (1979)-
=500  \\$aEach vol. has a distinctive title.
=540  \\$aCurrent Copyright Fee: GBP25.00$c0$5Uk
=595  \\$aFORMERLY 3599.07 CHANGE BETWEEN VOL. 8, 1975 AND 10, 1979 ABSORBS 2095.93
=710  2\$aModern Humanities Research Association.
=780  00$aModern Humanities Research Association.$tDissertation series
=852  41$aBritish Library$bHMNTS$jX.0510/110(...)$3no. 10 (1979)- no. 45 (1997)
=852  41$aBritish Library$bDSC$j8813.777600$3Vol. 10 (1979)-v. 72 (2008)
=945  \\$aTEXTS AND DISSERTATIONS- MODERN HUMANITIES RESEARCH ASSOCIATION.
=959  \\$fHeld but not currently received
=985  \\$aResponsibility for ISSN transferred to IC from ISSN UK, 19.06.07.
=A02  \\$a2167953
=ACF  \\$aPrevious copyright fee: GBP5.00$c0$e01-jul-2002$fGBP5.00$g0$hC$5Uk
=ACF  \\$aCurrent copyright fee: GBP2.50$c0$e01-jul-1998$fGBP2.50$g0$hC$5Uk
=ACF  \\$aCurrent copyright fee: GBP2.30$c0$e01-apr-1997$fGBP2.30$g0$hC$5Uk
=ACF  \\$aPrevious copyright fee: GBP10.50$c0$e01-jan-2011$fGBP10.50$g0$hA$5Uk
=ACF  \\$aPrevious copyright fee: GBP12.00$c0$e01-jan-2012$fGBP12.00$g0$hA$5Uk
=ACF  \\$aPrevious Copyright Fee: GBP12.30$c0$e01-jan-2014$fGBP12.30$g0$hA$5Uk
=ACF  \\$aPrevious Copyright Fee: GBP15.00$c0$e01-jan-2017$fGBP15.00$g0$hA$5Uk
=ACF  \\$aPrevious Copyright Fee: GBP17.50$c0$e01-jan-2018$fGBP17.50$g0$hA$5Uk
=ACF  \\$aPrevious Copyright Fee: GBP20.00$c0$e01-jan-2020$fGBP20.00$g0$hA$5Uk
=CAT  \\$aCONV$b00$c20040425$lBLL90$h0711
=CAT  \\$a6537$b40$c20070619$lBLL01$h1017
=CAT  \\$aCDS08-UPD$b40$c20090804$lBLL01$h1920
=CAT  \\$aBATCH$b00$c20091210$lBLL01$h0436
=CAT  \\$aBATCH$b00$c20091214$lBLL01$h0637
=CAT  \\$aBATCH$b00$c20091216$lBLL01$h0155
=CAT  \\$aBATCH-UPD$b00$c20101201$lBLL01$h1237
=CAT  \\$aIPL-CLA$c20101231$lBLL01$h1416
=CAT  \\$aWR11_203$c20111204$lBLL01$h1431
=CAT  \\$aIPL-CLA$c20111230$lBLL01$h1918
=CAT  \\$a8456$b40$c20120921$lBLL01$h0900
=CAT  \\$aBATCH-CLA$b00$c20121107$lBLL01$h1906
=CAT  \\$aWR13.005$c20130323$lBLL01$h1442
=CAT  \\$aBATCH-CLA$c20131219$lBLL01$h1840
=CAT  \\$aIPL-CLA$c20131231$lBLL01$h2206
=CAT  \\$aBATCH-CLA$b00$c20161222$lBLL01$h1743
=CAT  \\$aIPL-CLA$c20161230$lBLL01$h2010
=CAT  \\$aBATCH-CLA$b00$c20171222$lBLL01$h2052
=CAT  \\$aIPL-CLA$c20171231$lBLL01$h1538
=CAT  \\$aBATCH-CLA$b00$c20191219$lBLL01$h1710
=CAT  \\$aIPL-CLA$c20191231$lBLL01$h1846
=CAT  \\$aR2001-1524$c20200127$lBLL01$h1950
=CAT  \\$aBATCH-CLA$b00$c20201204$lBLL01$h1508
=CAT  \\$aIPL-CLA$c20201231$lBLL01$h2101
=CAT  \\$aBATCH-CLA$b00$c20221221$lBLL01$h1815
=CAT  \\$aIPL-CLA$c20221231$lBLL01$h2008
=CFI  0\$aCurrent Copyright Fee: GBP25.00$c0$e01-jan-2023$fGBP25.00$g0$hA$5Uk
=CFI  2\$aPrevious Copyright Fee: GBP22.50$c0$e01-jan-2021$fGBP22.50$g0$hA$5Uk
=FIN  \\$aY
=FMT  \\$a  SE
=LAS  \\$aIPL-CLA$b00$c20221231$lBLL01$h2008
=LEO  \\$aMP13.0001199002
=LEO  \\$aMP22.0000030373
=LEO  \\$aMP10.0000574944
=MIS  \\$ak-sep
=SRC  \\$aHSS01$bbibmp13.200404.2.ab
=SRC  \\$aISN01$bbibmp22.200404.2.aa
=SRC  \\$aDSS01$bbibmp10.200404.2.aa
=TCO  \\$aCLA$bCLA$c008

