=LDR  06000cas a2201249 a 4500
=001  011142226
=003  Uk
=005  20220930142531.0
=007  ta
=008  040410c19749999xxucx\p\\\\\\\0\\\a0eng\\
=019  c\$a2171016
=019  0\$as111982014
=022  0\$a0361-1981
=040  \\$aUk$cUk$dUk
=082  04$a388.072$221
=084  \\$aWD 00$2blsrissc
=210  0\$aTransp. res. rec.
=222  \0$aTransportation research record
=245  00$aTransportation research record.
=246  18$aTRR$f<1999>-
=260  \\$aWashington, D.C. :$bTransportation Research Board, National Research Council, National Academy Press,$c1974-
=300  \\$av. :$bill., maps ;$c25-28 cm.
=310  \\$aPublished on an irregular basis throughout the year.
=336  \\$atext$2rdacontent
=337  \\$aunmediated$2rdamedia
=338  \\$avolume$2rdacarrier
=362  0\$aNo. 480 (1974)-
=510  2\$aChemical abstracts$x0009-2258$b-1987
=530  \\$aBeginning 1995, also available on CD-ROM as: Transportation research record (CD-ROM).
=540  \\$aCurrent copyright fee: GBP32.82$c103\0$5Uk
=595  \\$aFORMERLY 4309.95 UP TO NO. 479, 1973 SEE ALSO SERIAL RECORDS USC AND CARD INDEX AND CONF INDEX.
=650  \0$aTransportation.
=650  \0$aRoads.
=710  2\$aNational Research Council (U.S.).$bTransportation Research Board.
=776  1\$tTransportation research record (CD-ROM)
=776  08$iAlso issued online as:$tTransportation research record (Online)$x2169-4052
=780  00$tHighway research record$x0073-2206
=852  71$aBritish Library$bSTI$k(TP)$hWD 00$m-E(13) Centre desk$2blsrissc$3Accompanying CD-ROM
=852  41$aBritish Library$bDSC$j9026.275000$3Issue 480 (1974)-no. 2602 (2016)***UKRR Retained Title***Stock Incomplete
=852  71$aBritish Library$bSTI$k(P)$hWD 00$m-E(13)$2blsrissc$3No. 480 (1974)-no. 2139 (2009)***Deficient: no.1183-1331, 1366, 1549
=856  \\$31850-9999$uhttp://www.uk.sagepub.com/home.nav$xBLDSS
=945  \\$aTRANSPORTATION RESEARCH RECORD.
=959  \\$fHeld but not currently received
=985  \\$aRecord merged by DQ team
=985  \\$aISSN responsibility has been transferred from U.S. to UK but no print copy so far received to update this print record (Richard, 14/12/20)
=A02  \\$a2171016
=ACF  \\$aPrevious copyright fee: GBP9.00$c0$e01-apr-2010$fGBP9.00$g0$hA$5Uk
=ACF  \\$aPrevious copyright fee: GBP6.00$c0$e01-apr-2008$fGBP6.00$g0$hA$5Uk
=ACF  \\$aPrevious copyright fee: GBP5.00$c0$e01-jul-2002$fGBP5.00$g0$hA$5Uk
=ACF  \\$aCurrent copyright fee: GBP2.50$c0$e01-jul-1998$fGBP2.50$g0$hC$5Uk
=ACF  \\$aCurrent copyright fee: GBP2.30$c0$e01-apr-1997$fGBP2.30$g0$hC$5Uk
=ACF  \\$aPrevious copyright fee: GBP10.50$c0$e01-jan-2011$fGBP10.50$g0$hA$5Uk
=ACF  \\$aBritish Library not licensed to copy$c0$e07-sep-2011$hC$iTX$5Uk
=ACF  \\$aBritish Library not licensed to copy$c0$e01-apr-2013$hC$iCFP Excluded$5Uk
=ACF  \\$aBritish Library not licensed to copy$c0$e01-jul-2013$hC$iCFP Excluded$5Uk
=ACF  \\$aBritish Library not licensed to copy$c0$e01-oct-2013$hC$iCFP Excluded$5Uk
=ACF  \\$aBritish Library not licensed to copy$c0$e01-jan-2014$hC$iCFP Excluded$5Uk
=ACF  \\$aBritish Library not licensed to copy$c0$e01-apr-2014$hC$iCFP Excluded$5Uk
=ACF  \\$aPrevious Copyright Fee: GBP32.00$c0$e01-apr-2018$fGBP32.00$g0$hC$5Uk
=ACF  \\$aBritish Library not licensed to copy$c0$e01-jul-2014$hC$iCFP Excluded$5Uk
=ACF  \\$aPrevious copyright fee: GBP25.71$c103\0$e18-may-2018$fGBP25.71$g0$hP$5Uk
=ACF  \\$aPrevious copyright fee: GBP27.69$c103\0$e01-oct-2018$fGBP27.69$g0$hP$5Uk
=ACF  \\$aPrevious copyright fee: GBP29.08$c103\0$e01-jul-2019$fGBP29.08$g0$hP$5Uk
=ACF  \\$aPrevious copyright fee: GBP30.24$c103\0$e01-oct-2019$fGBP30.24$g0$hP$5Uk
=ACF  \\$aPrevious copyright fee: GBP30.29$c103\0$e01-apr-2020$fGBP30.29$g0$hP$5Uk
=ACF  \\$aPrevious copyright fee: GBP31.50$c103\0$e01-jul-2020$fGBP31.50$g0$hP$5Uk
=ACF  \\$aPrevious copyright fee: GBP29.17$c103\0$e01-apr-2021$fGBP29.17$g0$hP$5Uk
=ACF  \\$aPrevious copyright fee: GBP28.13$c103\0$e07-jul-2021$fGBP28.13$g0$hP$5Uk
=CAT  \\$aCONV$b00$c20040425$lBLL90$h0711
=CAT  \\$aBLDSS-3PM$b00$c20180521$lBLL01$h1126
=CAT  \\$aBATCH-UPD$b00$c20180521$lBLL01$h1127
=CAT  \\$a5552$b40$c20180531$lBLL01$h0940
=CAT  \\$aBATCH-UPD$b40$c20180605$lBLL01$h2313
=CAT  \\$aBATCH-UPD$b40$c20180823$lBLL01$h1858
=CAT  \\$a10806$b40$c20180921$lBLL01$h0858
=CAT  \\$aIPL-CLA$c20180930$lBLL01$h1458
=CAT  \\$aBATCH-UPD$b00$c20190521$lBLL01$h1346
=CAT  \\$aIPL-CLA$c20190630$lBLL01$h1529
=CAT  \\$aBATCH-UPD$b00$c20190829$lBLL01$h1428
=CAT  \\$aIPL-CLA$c20190930$lBLL01$h1633
=CAT  \\$aBATCH-UPD$b00$c20200219$lBLL01$h1419
=CAT  \\$aIPL-CLA$c20200331$lBLL01$h1609
=CAT  \\$aBATCH-UPD$b00$c20200522$lBLL01$h1411
=CAT  \\$aIPL-CLA$c20200701$lBLL01$h0051
=CAT  \\$a10806$b40$c20201214$lBLL01$h0947
=CAT  \\$a10806$b40$c20201214$lBLL01$h1428
=CAT  \\$aBATCH-UPD$b40$c20210226$lBLL01$h0952
=CAT  \\$aIPL-CLA$c20210331$lBLL01$h1658
=CAT  \\$aBATCH-UPD$b00$c20210707$lBLL01$h1515
=CAT  \\$aIPL-CLA$c20210707$lBLL01$h1842
=CAT  \\$aBATCH-UPD$b00$c20220520$lBLL01$h1543
=CAT  \\$aIPL-CLA$c20220630$lBLL01$h1536
=CAT  \\$aBATCH-UPD$b00$c20220824$lBLL01$h0818
=CAT  \\$aIPL-CLA$c20220930$lBLL01$h1425
=CFI  0\$aCurrent copyright fee: GBP32.82$c103\0$e01-oct-2022$fGBP32.82$g0$hP$5Uk
=CFI  2\$aPrevious copyright fee: GBP31.50$c103\0$e01-jul-2022$fGBP31.50$g0$hP$5Uk
=FFP  \\$aY$bBLDSS-3PM
=FIN  \\$aY
=FMT  \\$a  SE
=LAS  \\$aIPL-CLA$b00$c20220930$lBLL01$h1425
=LEO  \\$aMP10.0000584914
=LEO  \\$aMP25.0000024352
=SRC  \\$aSRI01$bbibmp25.200404.2.aa
=SRC  \\$aDSS01$bbibmp10.200404.2.aa
=TCO  \\$aTRS$bCCC$c008
=TOC  \\$aETOC
=UNO  \\$aY

