=LDR  04432cas a22010097a 4500
=001  011143682
=003  Uk
=005  20221231201004.0
=007  ta
=008  040410d19601976enkqr\p\\\\\\\0\\\a0eng\\
=019  c\$a2171626
=019  x\$a0973270063
=022  0\$a0041-3283
=040  \\$aUk$cUk$dUk
=222  \0$aTropical products quarterly
=245  00$aTropical products quarterly.
=260  \\$aLondon :$bCommonwealth Economic Committee,$c1960-1976.
=300  \\$av. :$btables ;$c34 cm
=336  \\$atext$2rdacontent
=337  \\$aunmediated$2rdamedia
=338  \\$avolume$2rdacarrier
=362  0\$aVol. 1, no. 1 (Mar. 1960)-v. 17, no. 4 (Dec. 1976).
=500  \\$a"Prepared by the Intelligence Branch of the Commonwealth Economic Committee."
=540  \\$aCurrent Copyright Fee: GBP25.00$c0$5Uk
=580  \\$aMerged with: Fruit intelliegnce, to become: Fruit and tropical products.
=595  \\$aCEASED PUBLICATION WITH VOL. 17(4), 1976 SEE ALSO SERIAL RECORDS STATS.
=650  \0$aAgriculture$xEconomic aspects$zTropics
=650  \0$aAgriculture$zTropics$xStatistics
=710  2\$aCommonwealth Economic Committee.
=710  2\$aCommonwealth Secretariat.
=785  17$tFruit intelligence$x0046-5240
=785  17$tFruit and tropical products$x0142-1883
=852  41$aBritish Library$bHMNTS$jB.S.12/43.$3Vol. 1, no. 1 (Mar. 1960)-v. 17, no. 4 (Dec. 1976)
=852  41$aBritish Library$bDSC$j9056.530000$3Vol. 1, no. 1 (1960)-v. 17, no. 4 (1976)***UKRR Retained Title
=945  \\$aTROPICAL PRODUCTS QUARTERLY.
=959  \\$fHeld but not currently received
=963  \\$aVOL. 1, 1960- 17, 1976 *A=1$bN$cOP.1100.134.020
=985  \\$aResponsibility for ISSN transferred to the IC from ISSN UK, 30/10/08
=985  \\$aRecord merged by DQ team
=A02  \\$a2171626
=ACF  \\$aPrevious Copyright Fee: GBP6.00$c0$e01-oct-2008$fGBP6.00$g0$hC$5Uk
=ACF  \\$aPrevious copyright fee: GBP6.00$c0$e01-apr-2008$fGBP6.00$g0$hA$5Uk
=ACF  \\$aPrevious copyright fee: GBP5.00$c0$e01-jul-2002$fGBP5.00$g0$hA$5Uk
=ACF  \\$aCurrent copyright fee: GBP4.40$c0$e01-jul-1998$fGBP4.40$g0$hA$5Uk
=ACF  \\$aCurrent copyright fee: GBP4.20$c0$e01-apr-1997$fGBP4.20$g0$hA$5Uk
=ACF  \\$aPrevious copyright fee: GBP10.50$c0$e01-jan-2011$fGBP10.50$g0$hA$5Uk
=ACF  \\$aPrevious copyright fee: GBP12.00$c0$e01-jan-2012$fGBP12.00$g0$hA$5Uk
=ACF  \\$aPrevious Copyright Fee: GBP12.30$c0$e01-jan-2014$fGBP12.30$g0$hA$5Uk
=ACF  \\$aPrevious Copyright Fee: GBP15.00$c0$e01-jan-2017$fGBP15.00$g0$hA$5Uk
=ACF  \\$aPrevious Copyright Fee: GBP17.50$c0$e01-jan-2018$fGBP17.50$g0$hA$5Uk
=ACF  \\$aPrevious Copyright Fee: GBP20.00$c0$e01-jan-2020$fGBP20.00$g0$hA$5Uk
=CAT  \\$aCONV$b00$c20040425$lBLL90$h0711
=CAT  \\$aBATCH-UPD$b00$c20080930$lBLL01$h2232
=CAT  \\$aBATCH-UPD$b00$c20080930$lBLL01$h2353
=CAT  \\$aBATCH$b00$c20081001$lBLL01$h0111
=CAT  \\$a6537$b40$c20081030$lBLL01$h1420
=CAT  \\$aBATCH$b00$c20091210$lBLL01$h0439
=CAT  \\$aBATCH$b00$c20091214$lBLL01$h0640
=CAT  \\$aBATCH-UPD$b00$c20101201$lBLL01$h1238
=CAT  \\$aIPL-CLA$c20101231$lBLL01$h1419
=CAT  \\$aWR11_203$c20111204$lBLL01$h1433
=CAT  \\$aIPL-CLA$c20111230$lBLL01$h1922
=CAT  \\$aBATCH-CLA$b00$c20121108$lBLL01$h1739
=CAT  \\$aWR13.005$c20130323$lBLL01$h1446
=CAT  \\$aBATCH-CLA$c20131219$lBLL01$h1845
=CAT  \\$aIPL-CLA$c20131231$lBLL01$h2211
=CAT  \\$aBATCH-CLA$b00$c20161222$lBLL01$h1744
=CAT  \\$aIPL-CLA$c20161230$lBLL01$h2012
=CAT  \\$aBATCH-CLA$b00$c20171222$lBLL01$h2053
=CAT  \\$aIPL-CLA$c20171231$lBLL01$h1540
=CAT  \\$aBATCH-CLA$b00$c20191219$lBLL01$h1711
=CAT  \\$aIPL-CLA$c20191231$lBLL01$h1848
=CAT  \\$aR2001-1524$c20200127$lBLL01$h1950
=CAT  \\$aBATCH-CLA$b00$c20201204$lBLL01$h1510
=CAT  \\$aIPL-CLA$c20201231$lBLL01$h2104
=CAT  \\$aBATCH-CLA$b00$c20221221$lBLL01$h1816
=CAT  \\$aIPL-CLA$c20221231$lBLL01$h2010
=CFI  0\$aCurrent Copyright Fee: GBP25.00$c0$e01-jan-2023$fGBP25.00$g0$hA$5Uk
=CFI  2\$aPrevious Copyright Fee: GBP22.50$c0$e01-jan-2021$fGBP22.50$g0$hA$5Uk
=FIN  \\$aY
=FMT  \\$a  SE
=LAS  \\$aIPL-CLA$b00$c20221231$lBLL01$h2010
=LEO  \\$aMP10.0000587021
=LEO  \\$aMP1.0001160718
=SRC  \\$aBLS01$bbibmp1.200404.2.ab
=SRC  \\$aDSS01$bbibmp10.200404.2.aa
=TCO  \\$aCLA$bCLA$c008

