=LDR  04477cas a2201105 a 4500
=001  011146160
=003  Uk
=005  20211231154010.0
=007  ta
=008  771001c19639999enkmx\p\\\\\\\0\\\a0eng\\
=019  c\$a2172308
=019  0\$as110467000
=019  x\$a2534370367
=022  0\$a0041-624X
=030  \\$aULTRA3
=040  \\$aUk$cUk$dUk
=082  04$a534.55$221
=084  \\$aSA 30$2blsrissc
=210  0\$aUltrasonics
=222  \0$aUltrasonics
=245  00$aUltrasonics.
=260  \\$aGuildford :$bButterworth Scientific,$c1963-
=300  \\$av. :$bill. ;$c30 cm.
=310  \\$aTen issues yearly
=321  \\$aBi-monthly
=336  \\$atext$2rdacontent
=337  \\$aunmediated$2rdamedia
=338  \\$avolume$2rdacarrier
=500  \\$aContains summaries of papers of 1st, 1964 - 5th, 1968, and issues supplements with summaries for 6th, 1969 - 9th, 1973 "Ultrasonics for Industry, Conference", Later "Ultrasonics Conference", later "Ultrasonics International, Conference", q.v.
=500  \\$aContains abstracts.
=540  \\$aCurrent copyright fee: GBP34.30$c5\1$5Uk
=595  \\$aSEE ALSO CARD INDEX.
=650  \0$aUltrasonics$vPeriodicals.
=650  \0$aUltrasonic imaging$vPeriodicals.
=787  0\$tUltrasonics international$x0140-2218
=852  71$aBritish Library$bSTI$k(P)$hSA 30$m-E(2)$2blsrissc$3Vol. 1 (1963)-v. 49, no. 2 (2009)
=852  41$aBritish Library$bDSC$j9082.796000$3Vol. 1 (1963)-v. 50, no. 1 (2010)***UKRR Retained Title
=856  \\$31850-9999$uhttp://www.elsevier.com/journals$xBLDSS
=945  \\$aULTRASONICS -LONDON THEN AMSTERDAM-.
=959  \\$fHeld but not currently received
=964  \\$aVOL. 1, 1963- *A=1$c534$dQ$eJU33
=985  \\$aRecord merged by DQ team
=985  \\$aISSN responsibility held by ISSN Netherlands - July 2007
=A02  \\$a2172308
=ACF  \\$aPrevious copyright fee: GBP19.00$c5\1$e01-jan-2008$fGBP19.00$g0$hP$5Uk
=ACF  \\$aPrevious copyright fee: GBP18.00$c5\1$e01-apr-2004$fGBP18.00$g0$hP$5Uk
=ACF  \\$aCurrent copyright fee: GBP20.00$c5\1$e01-jan-2003$fGBP20.00$g0$hP$5Uk
=ACF  \\$aCurrent copyright fee: GBP15.00$c5\1$e01-jul-2002$fGBP15.00$g0$hP$5Uk
=ACF  \\$aPrevious copyright fee: GBP20.00$c5\1$e01-jan-2009$fGBP20.00$g0$hP$5Uk
=ACF  \\$aPrevious copyright fee: GBP21.00$c5\1$e01-jan-2012$fGBP21.00$g0$hP$5Uk
=ACF  \\$aPrevious copyright fee: GBP22.50$c5\1$e01-jan-2013$fGBP22.50$g0$hP$5Uk
=ACF  \\$aPrevious copyright fee: GBP23.40$c5\1$e01-jan-2018$fGBP23.40$g0$hP$5Uk
=CAT  \\$aCONV$b00$c20040425$lBLL90$h0712
=CAT  \\$aBATCH-UPD$b00$c20081231$lBLL01$h2254
=CAT  \\$aBATCH-UPD$b00$c20090101$lBLL01$h0031
=CAT  \\$aBATCH$b00$c20090101$lBLL01$h0206
=CAT  \\$aCDS-UPD$b40$c20091208$lBLL01$h2212
=CAT  \\$aCDS-UPD$b40$c20091208$lBLL01$h2233
=CAT  \\$aBATCH$b00$c20091210$lBLL01$h0440
=CAT  \\$aBATCH$b00$c20091214$lBLL01$h0641
=CAT  \\$aBATCH$b00$c20091216$lBLL01$h0157
=CAT  \\$a8874$b40$c20100913$lBLL01$h1326
=CAT  \\$aBATCH-UPD$b40$c20111123$lBLL01$h1851
=CAT  \\$aIPL-CLA$c20111230$lBLL01$h1924
=CAT  \\$aBATCH-UPD$b00$c20120614$lBLL01$h2140
=CAT  \\$aBATCH-CLA$b00$c20121108$lBLL01$h1739
=CAT  \\$aBATCH-UPD$b00$c20121121$lBLL01$h1654
=CAT  \\$aIPL-CLA$c20121231$lBLL01$h1302
=CAT  \\$aIPL-CLA$c20130102$lBLL01$h1714
=CAT  \\$aWR13.005$c20130323$lBLL01$h1447
=CAT  \\$aBLDSS-3PM$b00$c20141222$lBLL01$h1711
=CAT  \\$aBATCH-UPD$b00$c20170304$lBLL01$h1109
=CAT  \\$aBATCH-UPD$b00$c20171121$lBLL01$h1741
=CAT  \\$aIPL-CLA$c20171231$lBLL01$h1541
=CAT  \\$aBATCH-UPD$b00$c20190521$lBLL01$h1433
=CAT  \\$aIPL-CLA$c20190630$lBLL01$h1529
=CAT  \\$aBATCH-UPD$b00$c20211119$lBLL01$h1551
=CAT  \\$aIPL-CLA$c20211231$lBLL01$h1540
=CFI  0\$aCurrent copyright fee: GBP34.30$c5\1$e01-jan-2022$fGBP34.30$g0$hP$5Uk
=CFI  2\$aPrevious copyright fee: GBP32.84$c5\1$e01-jul-2019$fGBP32.84$g0$hP$5Uk
=EST  \\$a2
=FFP  \\$aY$bBLDSS-3PM
=FIN  \\$aY
=FMT  \\$a  SE
=LAS  \\$aIPL-CLA$b00$c20211231$lBLL01$h1540
=LEO  \\$aMP1.0003040282
=LEO  \\$aMP22.0000002169
=LEO  \\$aMP25.0000023568
=LEO  \\$aMP10.0000590514
=SRC  \\$aBLS01$bbibmp1.200404.2.ad
=SRC  \\$aISN01$bbibmp22.200404.2.aa
=SRC  \\$aSRI01$bbibmp25.200404.2.aa
=SRC  \\$aDSS01$bbibmp10.200404.2.aa
=TCO  \\$aCLA$bCLA$c008
=TOC  \\$aETOC

