=LDR  04207cas a2201069 a 4500
=001  011175257
=003  Uk
=005  20221231201209.0
=006  aa\\\j||||||||||||
=007  ta
=008  821012d1982198uenkuu\p\\\\\\\0\\\a0eng\\
=015  \\$aGB8233869$2bnb
=019  y\$aB8233869
=019  9\$ab8233869
=019  1\$ab8233869
=022  0\$a0263-8894
=039  0\$a1712
=040  \\$aUk$cUk$dUk
=050  00$aBV4560
=082  04$a248.405$219
=130  0\$aOrbit (London : 1982)
=210  0\$aOrbit$b(Lond. 1982)
=222  \0$aOrbit$b(London. 1982)
=245  10$aOrbit :$bthe USPG/CMS magazine for children.
=260  \\$aLondon (15 Tufton St., SW1P 3QQ) :$bUSPG,$c1982-
=300  \\$av. :$bill. ;$c30 cm.
=336  \\$atext$2rdacontent
=337  \\$aunmediated$2rdamedia
=338  \\$avolume$2rdacarrier
=362  0\$aVol. 1, no. 1-
=540  \\$aCurrent Copyright Fee: GBP25.00$c0$5Uk
=595  \\$aSEE ALSO CARD INDEX.
=650  \0$aChildren$xReligious life$vPeriodicals.
=653  \\$aChristian life$aSerials
=710  2\$aUnited Society for the Propagation of the Gospel.
=710  2\$aChurch Missionary Society.
=852  41$aBritish Library$bHMNTS$jP.103/612$3VOL. 1, 1982- 4(6), [198?] *A=1
=886  2\$2blmarc$a092$b00$a6277.876000n
=945  \\$aORBIT -LONDON-.
=979  \\$aBritish Library$bDSC$j6277.876000N
=985  \\$aISSN responsibility held by the ISSN International Centre 22/10/09.
=ACF  \\$aPrevious copyright fee: GBP9.00$c0$e01-apr-2010$fGBP9.00$g0$hA$5Uk
=ACF  \\$aPrevious copyright fee: GBP6.00$c0$e01-apr-2008$fGBP6.00$g0$hA$5Uk
=ACF  \\$aPrevious copyright fee: GBP5.00$c0$e01-jul-2002$fGBP5.00$g0$hA$5Uk
=ACF  \\$aCurrent copyright fee: GBP4.40$c0$e01-jul-1998$fGBP4.40$g0$hA$5Uk
=ACF  \\$aCurrent copyright fee: GBP4.20$c0$e01-apr-1997$fGBP4.20$g0$hA$5Uk
=ACF  \\$aPrevious copyright fee: GBP10.50$c0$e01-jan-2011$fGBP10.50$g0$hA$5Uk
=ACF  \\$aPrevious copyright fee: GBP12.00$c0$e01-jan-2012$fGBP12.00$g0$hA$5Uk
=ACF  \\$aPrevious Copyright Fee: GBP12.30$c0$e01-jan-2014$fGBP12.30$g0$hA$5Uk
=ACF  \\$aPrevious Copyright Fee: GBP15.00$c0$e01-jan-2017$fGBP15.00$g0$hA$5Uk
=ACF  \\$aPrevious Copyright Fee: GBP17.50$c0$e01-jan-2018$fGBP17.50$g0$hA$5Uk
=ACF  \\$aPrevious Copyright Fee: GBP20.00$c0$e01-jan-2020$fGBP20.00$g0$hA$5Uk
=CAT  \\$aWR09-126
=CAT  \\$aBATCH-UPD$b00$c20100331$lBLL01$h2249
=CAT  \\$aBATCH-UPD$b00$c20100401$lBLL01$h0217
=CAT  \\$aBATCH$b00$c20100401$lBLL01$h0518
=CAT  \\$aBATCH$b00$c20100401$lBLL01$h1545
=CAT  \\$aBATCH-UPD$b00$c20101124$lBLL01$h1914
=CAT  \\$aBATCH-UPD$b00$c20101125$lBLL01$h1139
=CAT  \\$aIPL-CLA$c20101231$lBLL01$h1423
=CAT  \\$aWR11_203$c20111204$lBLL01$h1435
=CAT  \\$aIPL-CLA$c20111230$lBLL01$h1926
=CAT  \\$aBATCH-CLA$b00$c20121108$lBLL01$h1738
=CAT  \\$aWR13.005$c20130323$lBLL01$h1450
=CAT  \\$aBATCH-CLA$c20131219$lBLL01$h1848
=CAT  \\$aIPL-CLA$c20131231$lBLL01$h2216
=CAT  \\$aWR14_140$c20140905$lBLL01$h1748
=CAT  \\$aBATCH-CLA$b00$c20161222$lBLL01$h1745
=CAT  \\$aIPL-CLA$c20161230$lBLL01$h2016
=CAT  \\$aBATCH-CLA$b00$c20171222$lBLL01$h2055
=CAT  \\$aIPL-CLA$c20171231$lBLL01$h1542
=CAT  \\$aBATCH-CLA$b00$c20191219$lBLL01$h1712
=CAT  \\$aIPL-CLA$c20191231$lBLL01$h1850
=CAT  \\$aR2001-1524$c20200127$lBLL01$h1951
=CAT  \\$aBATCH-CLA$b00$c20201204$lBLL01$h1511
=CAT  \\$aIPL-CLA$c20201231$lBLL01$h2106
=CAT  \\$aBATCH-CLA$b00$c20221221$lBLL01$h1817
=CAT  \\$aIPL-CLA$c20221231$lBLL01$h2012
=CFI  0\$aCurrent Copyright Fee: GBP25.00$c0$e01-jan-2023$fGBP25.00$g0$hA$5Uk
=CFI  2\$aPrevious Copyright Fee: GBP22.50$c0$e01-jan-2021$fGBP22.50$g0$hA$5Uk
=FIN  \\$aY
=FMT  \\$a  SE
=LAS  \\$aIPL-CLA$b00$c20221231$lBLL01$h2012
=LEO  \\$aMP10.0000423705
=LEO  \\$aMP5.0000524223
=LEO  \\$aMP13.0000267010
=LEO  \\$aMP22.0000011759
=SRC  \\$aDSS01$bbibmp10.200404.2.aa
=SRC  \\$aBNB03$bbibmp5.200404.2.aa
=SRC  \\$aHSS01$bbibmp13.200404.2.aa
=SRC  \\$aISN01$bbibmp22.200404.2.aa
=TCO  \\$aCLA$bCLA$c008

