=LDR  06984cas a2201465ui 4500
=001  011179197
=003  Uk
=005  20230210005624.0
=007  ta
=008  830419c19819999enk\x\p\\\\\\\0\\\a0eng\\
=015  \\$aGB8322047$2bnb
=019  c\$a2341878
=019  y\$ab8322047
=019  9\$ab8322047
=019  1\$ab8322047
=022  0\$a0264-5173
=039  0\$a1743
=040  \\$aUk$cUk
=043  \\$ab------
=082  04$a342.4/321/09171241$219
=210  0\$aCommonw. dev. health law
=222  \0$aCommonwealth developments in health law
=245  00$aCommonwealth developments in health law.
=260  \\$aLondon :$bCommonwealth Secretariat,$c1981-
=300  \\$av. ;$c21 cm.
=310  \\$aIrregular
=336  \\$atext$2rdacontent
=337  \\$aunmediated$2rdamedia
=338  \\$avolume$2rdacarrier
=362  0\$aIssue 1 (July 1981)-
=540  \\$aCurrent Copyright Fee: GBP25.00$c0$5Uk
=580  \\$a'... extracts from the "Commonwealth law bulletin" ...' _ preface.
=650  \0$aMedical care$xLaw and legislation$zCommonwealth of Nations$vPeriodicals.
=653  \\$aCommonwealth countries$aHealth services$aLaw$aSerials
=710  2\$aCommonwealth Secretariat.
=730  0\$aCommonwealth law bulletin,$x0305-0718.
=787  0\$tCommonwealth law bulletin$x0305-0718
=852  41$aBritish Library$bHMNTS$jBS.12/188$3Issue 1 (July 1981)-
=886  2\$2blmarc$a092$b00$a3339.667000n
=945  \\$aCOMMONWEALTH DEVELOPMENTS IN HEALTH LAW.
=979  \\$aBritish Library$bDSC$j3339.667000N
=985  \\$aResponsibility for ISSN transferred to the IC from ISSN UK, 29.10.08
=ACF  \\$aPrevious Copyright Fee: GBP12.00$c0$e01-apr-2012$fGBP12.00$g0$hC$5Uk
=ACF  \\$aPrevious Copyright Fee: GBP12.00$c0$e01-jan-2012$fGBP12.00$g0$hC$5Uk
=ACF  \\$aPrevious Copyright Fee: GBP10.50$c0$e01-oct-2011$fGBP10.50$g0$hC$5Uk
=ACF  \\$aPrevious Copyright Fee: GBP10.50$c0$e01-jul-2011$fGBP10.50$g0$hC$5Uk
=ACF  \\$aPrevious Copyright Fee: GBP10.50$c0$e01-apr-2011$fGBP10.50$g0$hC$5Uk
=ACF  \\$aPrevious Copyright Fee: GBP10.50$c0$e01-jan-2011$fGBP10.50$g0$hC$5Uk
=ACF  \\$aPrevious Copyright Fee: GBP9.00$c0$e01-oct-2010$fGBP9.00$g0$hC$5Uk
=ACF  \\$aPrevious Copyright Fee: GBP9.00$c0$e01-jul-2010$fGBP9.00$g0$hC$5Uk
=ACF  \\$aPrevious Copyright Fee: GBP9.00$c0$e01-apr-2010$fGBP9.00$g0$hC$5Uk
=ACF  \\$aPrevious Copyright Fee: GBP9.00$c0$e01-Jan-2010$fGBP9.00$g0$hC$5Uk
=ACF  \\$aPrevious Copyright Fee: GBP6.00$c0$e01-oct-2009$fGBP6.00$g0$hC$5Uk
=ACF  \\$aPrevious Copyright Fee: GBP6.00$c0$e01-jul-2009$fGBP6.00$g0$hC$5Uk
=ACF  \\$aPrevious Copyright Fee: GBP6.00$c0$e01-apr-2009$fGBP6.00$g0$hC$5Uk
=ACF  \\$aPrevious Copyright Fee: GBP6.00$c0$e01-jan-2009$fGBP6.00$g0$hC$5Uk
=ACF  \\$aPrevious Copyright Fee: GBP6.00$c0$e01-oct-2008$fGBP6.00$g0$hC$5Uk
=ACF  \\$aPrevious Copyright Fee: GBP6.00$c0$e01-jul-2008$fGBP6.00$g0$hC$5Uk
=ACF  \\$aPrevious Copyright Fee: GBP6.00$c0$e01-apr-2008$fGBP6.00$g0$hC$5Uk
=ACF  \\$aPrevious Copyright Fee: GBP6.00$c0$e01-jan-2008$fGBP6.00$g0$hC$5Uk
=ACF  \\$aPrevious Copyright Fee: GBP5.00$c0$e01-oct-2007$fGBP5.00$g0$hC$5Uk
=ACF  \\$aPrevious Copyright Fee: GBP5.00$c0$e01-jul-2007$fGBP5.00$g0$hC$5Uk
=ACF  \\$aPrevious Copyright Fee: GBP5.00$c0$e01-apr-2007$fGBP5.00$g0$hC$5Uk
=ACF  \\$aPrevious Copyright Fee: GBP5.00$c0$e01-jan-2007$fGBP5.00$g0$hC$5Uk
=ACF  \\$aPrevious Copyright Fee: GBP5.00$c0$e01-oct-2006$fGBP5.00$g0$hC$5Uk
=ACF  \\$aPrevious Copyright Fee: GBP5.00$c0$e01-jul-2006$fGBP5.00$g0$hC$5Uk
=ACF  \\$aPrevious Copyright Fee: GBP5.00$c0$e01-apr-2006$fGBP5.00$g0$hC$5Uk
=ACF  \\$aPrevious Copyright Fee: GBP5.00$c0$e01-jan-2006$fGBP5.00$g0$hC$5Uk
=ACF  \\$aPrevious Copyright Fee: GBP5.00$c0$e01-oct-2005$fGBP5.00$g0$hC$5Uk
=ACF  \\$aPrevious Copyright Fee: GBP5.00$c0$e01-jul-2005$fGBP5.00$g0$hC$5Uk
=ACF  \\$aPrevious Copyright Fee: GBP5.00$c0$e01-apr-2005$fGBP5.00$g0$hC$5Uk
=ACF  \\$aPrevious Copyright Fee: GBP5.00$c0$e01-jan-2005$fGBP5.00$g0$hC$5Uk
=ACF  \\$aPrevious Copyright Fee: GBP5.00$c0$e01-oct-2004$fGBP5.00$g0$hC$5Uk
=ACF  \\$aPrevious copyright fee: GBP5.00$c0$e01-jul-2002$fGBP5.00$g0$hC$5Uk
=ACF  \\$aCurrent copyright fee: GBP4.40$c0$e01-jul-1998$fGBP4.40$g0$hA$5Uk
=ACF  \\$aCurrent copyright fee: GBP4.20$c0$e01-apr-1997$fGBP4.20$g0$hA$5Uk
=ACF  \\$aPrevious Copyright Fee: GBP12.00$c0$e01-jul-2012$fGBP12.00$g0$hC$5Uk
=ACF  \\$aPrevious Copyright Fee: GBP12.00$c0$e01-oct-2012$fGBP12.00$g0$hC$5Uk
=ACF  \\$aPrevious Copyright Fee: GBP12.30$c0$e01-jan-2014$fGBP12.30$g0$hC$5Uk
=ACF  \\$aPrevious Copyright Fee: GBP15.00$c0$e01-jan-2017$fGBP15.00$g0$hC$5Uk
=ACF  \\$aPrevious Copyright Fee: GBP17.50$c0$e01-jan-2018$fGBP17.50$g0$hC$5Uk
=ACF  \\$aPrevious Copyright Fee: GBP20.00$c0$e01-jan-2020$fGBP20.00$g0$hC$5Uk
=ACF  \\$aPrevious Copyright Fee: GBP22.50$c0$e01-jan-2021$fGBP22.50$g0$hC$5Uk
=CAT  \\$aWR09-126
=CAT  \\$aBATCH-CLA$b00$c20111130$lBLL01$h1209
=CAT  \\$aIPL-CLA$c20111230$lBLL01$h1926
=CAT  \\$aBATCH-CLA$b00$c20120229$lBLL01$h1603
=CAT  \\$aIPL-CLA$c20120330$lBLL01$h1422
=CAT  \\$aBATCH-CLA$b00$c20120531$lBLL01$h1712
=CAT  \\$aIPL-CLA$c20120629$lBLL01$h1020
=CAT  \\$aBATCH-CLA$b00$c20120831$lBLL01$h1539
=CAT  \\$aIPL-CLA$c20120930$lBLL01$h2056
=CAT  \\$aBATCH-CLA$b00$c20121108$lBLL01$h1737
=CAT  \\$aWR13.005$c20130323$lBLL01$h1450
=CAT  \\$aBATCH-CLA$b00$c20131129$lBLL01$h1638
=CAT  \\$aIPL-CLA$c20131231$lBLL01$h2216
=CAT  \\$aWR14_140$c20140905$lBLL01$h1748
=CAT  \\$aBATCH-CLA$b00$c20161130$lBLL01$h1634
=CAT  \\$aIPL-CLA$c20161230$lBLL01$h2016
=CAT  \\$aBATCH-CLA$b00$c20171130$lBLL01$h1702
=CAT  \\$aIPL-CLA$c20171231$lBLL01$h1543
=CAT  \\$aBATCH-CLA$b00$c20191129$lBLL01$h1622
=CAT  \\$aIPL-CLA$c20191231$lBLL01$h1850
=CAT  \\$aBATCH-CLA$b00$c20201126$lBLL01$h1413
=CAT  \\$aIPL-CLA$c20201231$lBLL01$h2107
=CAT  \\$a12654$b40$c20211026$lBLL01$h1421
=CAT  \\$a12654$b40$c20211026$lBLL01$h1422
=CAT  \\$aBATCH-CLA$b00$c20221130$lBLL01$h1430
=CAT  \\$aIPL-CLA$c20221231$lBLL01$h2012
=CAT  \\$aBATCH-CLA$b00$c20230209$lBLL01$h1518
=CAT  \\$aIPL-CLA$c20230210$lBLL01$h0056
=CFI  0\$aCurrent Copyright Fee: GBP25.00$c0$e09-feb-2023$fGBP25.00$g0$hC$5Uk
=CFI  2\$aBritish Library not licensed to copy$c0$e01-jan-2023$hC$iCFP Excluded$5Uk
=FIN  \\$aY
=FMT  \\$a  SE
=LAS  \\$aIPL-CLA$b00$c20230210$lBLL01$h0056
=LEO  \\$aMP10.0000156786
=LEO  \\$aMP5.0000529918
=LEO  \\$aMP13.0000271120
=LEO  \\$aMP22.0000012338
=SRC  \\$aDSS01$bbibmp10.200404.2.aa
=SRC  \\$aBNB03$bbibmp5.200404.2.aa
=SRC  \\$aHSS01$bbibmp13.200404.2.aa
=SRC  \\$aISN01$bbibmp22.200404.2.aa
=TCO  \\$aCLA$bCLA$c008

