=LDR  06298cas a2201393 a 4500
=001  011190521
=003  Uk
=005  20230210005638.0
=007  ta
=008  851009c19859999enkar\p\\\\\\\0\\\a0mul\\
=015  \\$aGB8603778$2bnb
=019  y\$ab8603778
=019  9\$ab8603778
=019  c\$a2288513
=019  1\$ab8603778
=022  0\$a0267-5315
=039  0\$a1878
=040  \\$aUk$cUk$dUk
=041  0\$aeng$apor
=042  \\$aukblsr
=050  00$aPQ9000
=082  04$a869.09$219
=210  0\$aPort. stud.
=222  \0$aPortuguese studies
=245  00$aPortuguese studies /$cedited by the Department of Portuguese, King's College London.
=260  \\$aLondon (King's College, Strand, WC2R 2LS) :$bModern Humanities Research Association,$c1985-
=300  \\$av. ;$c24 cm.
=310  \\$aAnnual
=336  \\$atext$2rdacontent
=337  \\$aunmediated$2rdamedia
=338  \\$avolume$2rdacarrier
=362  0\$aVol. 1 (1985)-
=525  \\$aSupplements accompany some issues.
=540  \\$aCurrent Copyright Fee: GBP10.00$c0$5Uk
=546  \\$aText in English and Portuguese.
=595  \\$aSEE ALSO SERIAL RECORDS KCS-LANG.
=650  \0$aPortuguese literature$xHistory and criticism$vPeriodicals.
=653  \\$aPortuguese literature$aSerials
=710  2\$aKing's College London.$bDepartment of Portuguese.
=710  2\$aModern Humanities Research Association.
=852  41$aBritish Library$bDSC$j6557.300000$3Vol. 1 (1985)-v. 27, no. 2 (2011)***UKRR Retained Title
=852  41$aBritish Library$bHMNTS$jP.861/1027$3Vol.1 (1985)-
=945  \\$aPORTUGUESE STUDIES.
=959  \\$fHeld but not currently received
=963  \\$aVOL. 1, 1985- *A=1$bN$cP745.C.29
=985  \\$aRecord amended for WR# 13/070
=985  \\$aResponsibility for ISSN transferred to IC from ISSN UK, 19.06.07.
=985  \\$aUpgraded by BSS-generated file for WR2011-1473
=A02  \\$a2288513
=ACF  \\$aPrevious Copyright Fee: GBP10.00$c0$e01-apr-2012$fGBP10.00$g0$hC$5Uk
=ACF  \\$aPrevious Copyright Fee: GBP12.00$c0$e31-jan-2012$fGBP12.00$g0$hA$5Uk
=ACF  \\$aPrevious Copyright Fee: GBP18.00$c47\0$e01-apr-2010$fGBP18.00$g0$hP$5Uk
=ACF  \\$aPrevious Copyright Fee: GBP10.00$c0$e01-Jan-2010$fGBP10.00$g0$hC$5Uk
=ACF  \\$aPrevious Copyright Fee: GBP10.00$c0$e01-oct-2009$fGBP10.00$g0$hC$5Uk
=ACF  \\$aPrevious Copyright Fee: GBP10.00$c0$e01-jul-2009$fGBP10.00$g0$hC$5Uk
=ACF  \\$aPrevious Copyright Fee: GBP10.00$c0$e01-apr-2009$fGBP10.00$g0$hC$5Uk
=ACF  \\$aPrevious Copyright Fee: GBP10.00$c0$e01-jan-2009$fGBP10.00$g0$hC$5Uk
=ACF  \\$aPrevious Copyright Fee: GBP10.00$c0$e01-oct-2008$fGBP10.00$g0$hC$5Uk
=ACF  \\$aPrevious Copyright Fee: GBP10.00$c0$e01-jul-2008$fGBP10.00$g0$hC$5Uk
=ACF  \\$aPrevious Copyright Fee: GBP10.00$c0$e01-apr-2008$fGBP10.00$g0$hC$5Uk
=ACF  \\$aPrevious Copyright Fee: GBP10.00$c0$e01-jan-2008$fGBP10.00$g0$hC$5Uk
=ACF  \\$aPrevious Copyright Fee: GBP10.00$c0$e01-oct-2007$fGBP10.00$g0$hC$5Uk
=ACF  \\$aPrevious Copyright Fee: GBP10.00$c0$e01-jul-2007$fGBP10.00$g0$hC$5Uk
=ACF  \\$aPrevious Copyright Fee: GBP10.00$c0$e01-apr-2007$fGBP10.00$g0$hC$5Uk
=ACF  \\$aPrevious Copyright Fee: GBP10.00$c0$e01-jan-2007$fGBP10.00$g0$hC$5Uk
=ACF  \\$aPrevious Copyright Fee: GBP10.00$c0$e01-oct-2006$fGBP10.00$g0$hC$5Uk
=ACF  \\$aPrevious Copyright Fee: GBP10.00$c0$e01-jul-2006$fGBP10.00$g0$hC$5Uk
=ACF  \\$aPrevious Copyright Fee: GBP5.00$c0$e01-apr-2006$fGBP5.00$g0$hC$5Uk
=ACF  \\$aPrevious Copyright Fee: GBP5.00$c0$e01-jan-2006$fGBP5.00$g0$hC$5Uk
=ACF  \\$aPrevious Copyright Fee: GBP5.00$c0$e01-oct-2005$fGBP5.00$g0$hC$5Uk
=ACF  \\$aPrevious Copyright Fee: GBP5.00$c0$e01-jul-2005$fGBP5.00$g0$hC$5Uk
=ACF  \\$aPrevious Copyright Fee: GBP5.00$c0$e01-apr-2005$fGBP5.00$g0$hC$5Uk
=ACF  \\$aPrevious Copyright Fee: GBP5.00$c0$e01-jan-2005$fGBP5.00$g0$hC$5Uk
=ACF  \\$aPrevious Copyright Fee: GBP5.00$c0$e01-oct-2004$fGBP5.00$g0$hC$5Uk
=ACF  \\$aPrevious copyright fee: GBP5.00$c0$e01-jul-2002$fGBP5.00$g0$hC$5Uk
=ACF  \\$aCurrent copyright fee: GBP2.50$c0$e01-jul-1998$fGBP2.50$g0$hC$5Uk
=ACF  \\$aCurrent copyright fee: GBP2.30$c0$e01-apr-1997$fGBP2.30$g0$hC$5Uk
=ACF  \\$aPrevious Copyright Fee: GBP10.00$c0$e01-jul-2012$fGBP10.00$g0$hC$5Uk
=ACF  \\$aPrevious Copyright Fee: GBP10.00$c0$e01-oct-2012$fGBP10.00$g0$hC$5Uk
=CAT  \\$aWR09-126
=CAT  \\$aBATCH-UPD$b00$c20091231$lBLL01$h1826
=CAT  \\$aBATCH$b00$c20091231$lBLL01$h1845
=CAT  \\$aBATCH-CLA$b00$c20100224$lBLL01$h1203
=CAT  \\$a5552$b40$c20100311$lBLL01$h1150
=CAT  \\$aBATCH-UPD$b40$c20100331$lBLL01$h2250
=CAT  \\$aBATCH-UPD$b40$c20100401$lBLL01$h0218
=CAT  \\$aBATCH$b00$c20100401$lBLL01$h0519
=CAT  \\$aBATCH$b00$c20100401$lBLL01$h1546
=CAT  \\$a5552$b40$c20120131$lBLL01$h1242
=CAT  \\$aBATCH-CLA$b00$c20120229$lBLL01$h1623
=CAT  \\$aIPL-CLA$c20120330$lBLL01$h1422
=CAT  \\$aBATCH-CLA$b00$c20120531$lBLL01$h1705
=CAT  \\$aIPL-CLA$c20120629$lBLL01$h1020
=CAT  \\$aBATCH-CLA$b00$c20120831$lBLL01$h1537
=CAT  \\$aIPL-CLA$c20120930$lBLL01$h2057
=CAT  \\$aBATCH-CLA$b00$c20121108$lBLL01$h1737
=CAT  \\$aWR13.005$c20130323$lBLL01$h1451
=CAT  \\$aWR13_070$b00$c20130504$lBLL01$h0219
=CAT  \\$aWR13_070C$c20130611$lBLL01$h1850
=CAT  \\$aWR14_140$c20140905$lBLL01$h1750
=CAT  \\$aW2011-1473$b00$c20201124$lBLL01$h1846
=CAT  \\$aBATCH-CLA$b00$c20221130$lBLL01$h1433
=CAT  \\$aIPL-CLA$c20221231$lBLL01$h2012
=CAT  \\$aBATCH-CLA$b00$c20230209$lBLL01$h1520
=CAT  \\$aIPL-CLA$c20230210$lBLL01$h0056
=CFI  0\$aCurrent Copyright Fee: GBP10.00$c0$e09-feb-2023$fGBP10.00$g0$hC$5Uk
=CFI  2\$aBritish Library not licensed to copy$c0$e01-jan-2023$hC$iCFP Excluded$5Uk
=FIN  \\$aY
=FMT  \\$a  SE
=LAS  \\$aIPL-CLA$b00$c20230210$lBLL01$h0056
=LEO  \\$aMP5.0000756851
=LEO  \\$aMP10.0000445694
=LEO  \\$aMP13.0000282810
=LEO  \\$aMP22.0000015217
=SRC  \\$aBNB03$bbibmp5.200404.2.ab
=SRC  \\$aDSS01$bbibmp10.200404.2.aa
=SRC  \\$aHSS01$bbibmp13.200404.2.aa
=SRC  \\$aISN01$bbibmp22.200404.2.aa
=TCO  \\$aCLA$bCLA$c008

