=LDR  05355cas a2201273 a 4500
=001  011275478
=003  Uk
=005  20221231201325.0
=007  ta
=008  880706d19881991enkar\p\\\\\\\0\\\a0eng\\
=015  \\$aGB8852693$2bnb
=019  y\$ab8852693
=019  9\$ab8852693
=019  c\$a2362080
=019  1\$ap0001774
=019  1\$ar6874359
=019  0\$as160350018
=022  0\$a0953-8712
=039  0\$a2002
=040  \\$aUk$cUk$dUk
=050  00$aZ674.4
=082  04$a025$219
=084  \\$aPL 63$2blsrissc
=210  0\$aAdv. inf. rep.
=222  \0$aAdvanced information report
=245  00$aAdvanced information report.
=260  \\$aOxford :$bElsevier,$c1988-1991.
=300  \\$av. ;$c30 cm.
=310  \\$aMonthly
=336  \\$atext$2rdacontent
=337  \\$aunmediated$2rdamedia
=338  \\$avolume$2rdacarrier
=362  0\$aVol. 10, no. 1 (Apr. 1988)-Mar. 1991.
=540  \\$aCurrent Copyright Fee: GBP25.00$c0$5Uk
=595  \\$aFORMERLY 3363.456 UP TO VOL. 9, 1988 CONTD AS 4493.687155 CHANGE BETWEEN FEB. 1991 AND APR. 1991 SEE ALSO CARD INDEX.
=650  \0$aInformation services.
=650  \0$aTechnological innovations.
=780  00$tCommunication technology impact$x0142-5854
=785  04$tInformation management report$x0961-7612
=852  41$aBritish Library$bDSC$j0696.854900$3Vol. 10, no. 1 (1988)-no. 2 (1991)***UKRR Retained Title***Stock Incomplete
=852  41$aBritish Library$bHMNTS$jZK.9.b.3062
=852  41$aBritish Library$bHMNTS$j2719.y.10$3Vol.10, no.1 (Apr. 1988)-March 1991
=852  71$aBritish Library$bSTI$k(P)$hPL 63$m-E(45)$2blsrissc$31988-1991; Vol.10 - vol.11, no.9; Jan.1990- Jan.1991.
=945  \\$aADVANCED INFORMATION REPORT.
=957  \\$a880620c
=959  \\$fHeld but not currently received
=963  \\$aAPR. 1988- MAR. 1991 *A=1$bY$cL431.B.456
=968  \\$bX
=985  \\$aISSN note: responsibility for ISSN transferred to Netherlands ISSN Centre from ISSN UK Centre, 02/02/12.
=A02  \\$a2362080
=ACF  \\$aPrevious Copyright Fee: GBP6.00$c0$e01-oct-2008$fGBP6.00$g0$hC$5Uk
=ACF  \\$aPrevious Copyright Fee: GBP16.22$c0$e01-oct-2005$fGBP16.22$g0$hC$5Uk
=ACF  \\$aPrevious Copyright Fee: GBP16.22$c0$e01-jul-2005$fGBP16.22$g0$hC$5Uk
=ACF  \\$aPrevious Copyright Fee: GBP16.22$c0$e01-apr-2005$fGBP16.22$g0$hC$5Uk
=ACF  \\$aPrevious Copyright Fee: GBP16.67$c0$e01-jan-2005$fGBP16.67$g0$hC$5Uk
=ACF  \\$aPrevious Copyright Fee: GBP16.22$c0$e01-oct-2004$fGBP16.22$g0$hC$5Uk
=ACF  \\$aPrevious copyright fee: GBP16.22$c0$e01-apr-2004$fGBP16.22$g0$hC$5Uk
=ACF  \\$aCurrent copyright fee: GBP17.65$c0$e01-jan-2004$fGBP17.65$g0$hC$5Uk
=ACF  \\$aCurrent copyright fee: GBP18.75$c0$e01-apr-2003$fGBP18.75$g0$hC$5Uk
=ACF  \\$aPrevious copyright fee: GBP10.50$c0$e01-jan-2011$fGBP10.50$g0$hA$5Uk
=ACF  \\$aPrevious copyright fee: GBP12.00$c0$e01-jan-2012$fGBP12.00$g0$hA$5Uk
=ACF  \\$aPrevious Copyright Fee: GBP12.30$c0$e01-jan-2014$fGBP12.30$g0$hA$5Uk
=ACF  \\$aPrevious Copyright Fee: GBP15.00$c0$e01-jan-2017$fGBP15.00$g0$hA$5Uk
=ACF  \\$aPrevious Copyright Fee: GBP17.50$c0$e01-jan-2018$fGBP17.50$g0$hA$5Uk
=ACF  \\$aPrevious Copyright Fee: GBP20.00$c0$e01-jan-2020$fGBP20.00$g0$hA$5Uk
=CAT  \\$aCONV$b00$c20040425$lBLL90$h0753
=CAT  \\$aBATCH$b00$c20081001$lBLL01$h0112
=CAT  \\$a8201$b40$c20090430$lBLL01$h1545
=CAT  \\$aBATCH-UPD$b40$c20101201$lBLL01$h1239
=CAT  \\$aIPL-CLA$c20101231$lBLL01$h1424
=CAT  \\$aWR11_203$c20111204$lBLL01$h1436
=CAT  \\$aIPL-CLA$c20111230$lBLL01$h1928
=CAT  \\$a11315$b40$c20120119$lBLL01$h1101
=CAT  \\$a11315$b40$c20120119$lBLL01$h1438
=CAT  \\$a11315$b40$c20120202$lBLL01$h1528
=CAT  \\$aBATCH-CLA$b00$c20121108$lBLL01$h1737
=CAT  \\$aWR13.005$c20130323$lBLL01$h1513
=CAT  \\$aBATCH-CLA$c20131219$lBLL01$h1849
=CAT  \\$aIPL-CLA$c20131231$lBLL01$h2217
=CAT  \\$aWR14_140$c20140905$lBLL01$h1750
=CAT  \\$aBATCH-CLA$b00$c20161222$lBLL01$h1746
=CAT  \\$aIPL-CLA$c20161230$lBLL01$h2018
=CAT  \\$aBATCH-CLA$b00$c20171222$lBLL01$h2056
=CAT  \\$aIPL-CLA$c20171231$lBLL01$h1544
=CAT  \\$aBATCH-CLA$b00$c20191219$lBLL01$h1712
=CAT  \\$aIPL-CLA$c20191231$lBLL01$h1851
=CAT  \\$aR2001-1524$c20200127$lBLL01$h1951
=CAT  \\$aBATCH-CLA$b00$c20201204$lBLL01$h1511
=CAT  \\$aIPL-CLA$c20201231$lBLL01$h2108
=CAT  \\$aBATCH-CLA$b00$c20221221$lBLL01$h1818
=CAT  \\$aIPL-CLA$c20221231$lBLL01$h2013
=CFI  0\$aCurrent Copyright Fee: GBP25.00$c0$e01-jan-2023$fGBP25.00$g0$hA$5Uk
=CFI  2\$aPrevious Copyright Fee: GBP22.50$c0$e01-jan-2021$fGBP22.50$g0$hA$5Uk
=FIN  \\$aY
=FMT  \\$a  SE
=LAS  \\$aIPL-CLA$b00$c20221231$lBLL01$h2013
=LEO  \\$aMP5.0000772946
=LEO  \\$aMP10.0000033239
=LEO  \\$aMP13.0000827312
=LEO  \\$aMP13.0001203491
=LEO  \\$aMP22.0000027587
=LEO  \\$aMP25.0000061495
=LKR  \\$aPAR$b009851417$lBLL01$r78504$mAdvanced information report$nInformation management report
=SRC  \\$aBNB03$bbibmp5.200404.2.ab
=SRC  \\$aDSS01$bbibmp10.200404.2.aa
=SRC  \\$aHSS01$bbibmp13.200404.2.ab
=SRC  \\$aISN01$bbibmp22.200404.2.aa
=SRC  \\$aSRI01$bbibmp25.200404.2.aa
=TCO  \\$aNLD$bSTICHTING REPRORECHT$c008

