=LDR  04815cas a2201081 a 4500
=001  011278564
=003  Uk
=005  20230210005645.0
=007  ta
=008  890509c19889999enk\x\m\\\\\\\0\\\a0eng\\
=019  1\$ar7302297
=019  c\$a2439819
=022  1\$a0267-7172
=040  \\$aUk$cUk
=082  04$a150
=222  \0$aPsychological notes
=245  00$aPsychological notes :$ban occasional publication of the Libertarian Alliance.
=260  \\$aLondon :$bLibertarian Alliance,$c1988-
=336  \\$atext$2rdacontent
=337  \\$aunmediated$2rdamedia
=338  \\$avolume$2rdacarrier
=362  0\$aNo.1 (1988)-
=540  \\$aCurrent Copyright Fee: GBP25.00$c0$5Uk
=710  2\$aLibertarian Alliance.
=776  0\$tPsychological notes$c(Online)$x2042-2784
=852  41$aBritish Library$bHMNTS$jZC.9.b.5545$3No.1 (1988)-
=886  2\$2blmarc$a092$b00$a6946.507000n
=945  \\$aPSYCHOLOGICAL NOTES- LIBERTARIAN ALLIANCE.
=957  \\$a890207c
=963  \\$aNO. 1, 1988- *A=1$bN$cU
=979  \\$aBritish Library$bDSC$j6946.507000N
=985  \\$aResponsibility for ISSN transferred to ISSN International Centre from ISSN UK Centre, 04/03/11.
=ACF  \\$aPrevious Copyright Fee: GBP12.00$c0$e01-apr-2012$fGBP12.00$g0$hC$5Uk
=ACF  \\$aPrevious Copyright Fee: GBP12.00$c0$e01-jan-2012$fGBP12.00$g0$hC$5Uk
=ACF  \\$aPrevious Copyright Fee: GBP10.50$c0$e01-oct-2011$fGBP10.50$g0$hC$5Uk
=ACF  \\$aPrevious Copyright Fee: GBP10.50$c0$e01-jul-2011$fGBP10.50$g0$hC$5Uk
=ACF  \\$aPrevious Copyright Fee: GBP10.50$c0$e01-apr-2011$fGBP10.50$g0$hC$5Uk
=ACF  \\$aPrevious Copyright Fee: GBP10.50$c0$e01-jan-2011$fGBP10.50$g0$hC$5Uk
=ACF  \\$aPrevious Copyright Fee: GBP9.00$c0$e01-oct-2010$fGBP9.00$g0$hC$5Uk
=ACF  \\$aPrevious Copyright Fee: GBP9.00$c0$e01-jul-2010$fGBP9.00$g0$hC$5Uk
=ACF  \\$aPrevious Copyright Fee: GBP9.00$c0$e01-apr-2010$fGBP9.00$g0$hC$5Uk
=ACF  \\$aPrevious Copyright Fee: GBP9.00$c0$e01-Jan-2010$fGBP9.00$g0$hC$5Uk
=ACF  \\$aPrevious Copyright Fee: GBP6.00$c0$e01-oct-2009$fGBP6.00$g0$hC$5Uk
=ACF  \\$aPrevious copyright fee: GBP5.00$c0$e01-jan-2003$fGBP5.00$g0$hC$5Uk
=ACF  \\$aBritish Library not licensed to copy$c0$e24-may-2002$g0$hC$iCLA-excluded$5Uk
=ACF  \\$aCurrent copyright fee: GBP4.40$c0$e01-jul-1998$fGBP4.40$g0$hA$5Uk
=ACF  \\$aPrevious Copyright Fee: GBP12.00$c0$e01-jul-2012$fGBP12.00$g0$hC$5Uk
=ACF  \\$aPrevious Copyright Fee: GBP12.00$c0$e01-oct-2012$fGBP12.00$g0$hC$5Uk
=ACF  \\$aPrevious Copyright Fee: GBP12.30$c0$e01-jan-2014$fGBP12.30$g0$hC$5Uk
=ACF  \\$aPrevious Copyright Fee: GBP15.00$c0$e01-jan-2017$fGBP15.00$g0$hC$5Uk
=ACF  \\$aPrevious Copyright Fee: GBP17.50$c0$e01-jan-2018$fGBP17.50$g0$hC$5Uk
=ACF  \\$aPrevious Copyright Fee: GBP20.00$c0$e01-jan-2020$fGBP20.00$g0$hC$5Uk
=ACF  \\$aPrevious Copyright Fee: GBP22.50$c0$e01-jan-2021$fGBP22.50$g0$hC$5Uk
=CAT  \\$aWR09-126
=CAT  \\$aIPL-CLA$c20110630$lBLL01$h1533
=CAT  \\$aBATCH-CLA$b00$c20110831$lBLL01$h1751
=CAT  \\$aIPL-CLA$c20110930$lBLL01$h1536
=CAT  \\$aBATCH-CLA$b00$c20111130$lBLL01$h1204
=CAT  \\$aIPL-CLA$c20111230$lBLL01$h1928
=CAT  \\$aBATCH-CLA$b00$c20120229$lBLL01$h1610
=CAT  \\$aIPL-CLA$c20120330$lBLL01$h1423
=CAT  \\$aBATCH-CLA$b00$c20120531$lBLL01$h1659
=CAT  \\$aIPL-CLA$c20120629$lBLL01$h1020
=CAT  \\$aBATCH-CLA$b00$c20120831$lBLL01$h1524
=CAT  \\$aIPL-CLA$c20120930$lBLL01$h2058
=CAT  \\$aBATCH-CLA$b00$c20121108$lBLL01$h1737
=CAT  \\$aWR13.005$c20130323$lBLL01$h1513
=CAT  \\$aBATCH-CLA$b00$c20131129$lBLL01$h1638
=CAT  \\$aIPL-CLA$c20131231$lBLL01$h2217
=CAT  \\$aBATCH-CLA$b00$c20161130$lBLL01$h1642
=CAT  \\$aIPL-CLA$c20161230$lBLL01$h2018
=CAT  \\$aBATCH-CLA$b00$c20171130$lBLL01$h1707
=CAT  \\$aIPL-CLA$c20171231$lBLL01$h1544
=CAT  \\$aBATCH-CLA$b00$c20191129$lBLL01$h1620
=CAT  \\$aIPL-CLA$c20191231$lBLL01$h1851
=CAT  \\$aBATCH-CLA$b00$c20201126$lBLL01$h1407
=CAT  \\$aIPL-CLA$c20201231$lBLL01$h2108
=CAT  \\$aBATCH-CLA$b00$c20221130$lBLL01$h1434
=CAT  \\$aIPL-CLA$c20221231$lBLL01$h2013
=CAT  \\$aBATCH-CLA$b00$c20230209$lBLL01$h1521
=CAT  \\$aIPL-CLA$c20230210$lBLL01$h0056
=CFI  0\$aCurrent Copyright Fee: GBP25.00$c0$e09-feb-2023$fGBP25.00$g0$hC$5Uk
=CFI  2\$aBritish Library not licensed to copy$c0$e01-jan-2023$hC$iCFP Excluded$5Uk
=FIN  \\$aY
=FMT  \\$a  SE
=LAS  \\$aIPL-CLA$b00$c20230210$lBLL01$h0056
=LEO  \\$aMP10.0000466590
=LEO  \\$aMP13.0001206646
=LEO  \\$aMP22.0000015392
=SRC  \\$aDSS01$bbibmp10.200404.2.aa
=SRC  \\$aHSS01$bbibmp13.200404.2.ab
=SRC  \\$aISN01$bbibmp22.200404.2.aa
=TCO  \\$aCLA$bCLA$c008

