=LDR  01497aas a2200469 a 4500
=001  011278565
=003  Uk
=005  20110304142908.0
=007  ta
=008  931111c19849999enk\x\p\\\\\\\0\\\a0eng\\
=019  1\$ar7302298
=022  0\$a0267-6796
=040  \\$aUk$beng$cUk
=042  \\$aukblsr
=222  \0$aLibertarian reprints
=245  00$aLibertarian reprints :$ban occasional publication of the Libertarian Alliance.
=260  \\$aLondon :$bLibertarian Alliance,$c[1984]-
=300  \\$av. ;$ccm.
=310  \\$aIrregular
=336  \\$atext$2rdacontent
=337  \\$aunmediated$2rdamedia
=338  \\$avolume$2rdacarrier
=362  0\$aNo.1-
=710  2\$aLibertarian Alliance.
=776  0\$tLibertarian reprints$c(Online)$x2042-2741
=852  41$aBritish Library$bHMNTS$jZK.9.b.6320$3Holdings: no. 10, 12-
=957  \\$a890207c
=985  \\$aResponsibility for ISSN transferred to ISSN International Centre from ISSN UK Centre, 04/03/11.
=CAT  \\$aCONV$b00$c20040425$lBLL90$h0753
=CAT  \\$aCONV$b00$c20040502$lBLL01$h1428
=CAT  \\$a11315$b40$c20091002$lBLL01$h0925
=CAT  \\$aBATCH$b00$c20091210$lBLL01$h0450
=CAT  \\$aBATCH$b00$c20091214$lBLL01$h0651
=CAT  \\$a11315$b40$c20110304$lBLL01$h1429
=FIN  \\$aY
=FMT  \\$a  SE
=LAS  \\$a11315$b40$c20110304$lBLL01$h1429
=LEO  \\$aMP22.0000015359
=LEO  \\$aMP13.0001206647
=SRC  \\$aISN01$bbibmp22.200404.2.aa
=SRC  \\$aHSS01$bbibmp13.200404.2.ab
=TCO  \\$aCLA$bCLA$c008

