=LDR  04028cas a2200997 a 4500
=001  011280894
=003  Uk
=005  20221231201329.0
=007  ta
=008  931215d1986200uenkux\p\\\\\\\0\\\a0eng\\
=019  1\$ar7304858
=019  c\$a2434735
=022  1\$a0953-7775
=040  \\$aUk$beng$cUk$dUk
=042  \\$aukblsr
=222  \0$aEducational notes
=245  00$aEducational notes /$cLibertarian Alliance.
=260  \\$aLondon :$bLibertarian Alliance,$c1986-
=300  \\$av. ;$c30 cm.
=336  \\$atext$2rdacontent
=337  \\$aunmediated$2rdamedia
=338  \\$avolume$2rdacarrier
=362  0\$aNo.1-
=362  1\$aCeased in 2008?
=500  \\$aCeased in 2008?
=500  \\$aLatest issue consulted: No. 39.
=540  \\$aCurrent Copyright Fee: GBP25.00$c0$5Uk
=610  20$aLibertarian Alliance$vPeriodicals.
=650  \0$aLibertarianism$vPeriodicals.
=710  2\$aLibertarian Alliance.
=776  0\$tEducational notes$c(Online)$x2042-2555
=852  41$aBritish Library$bDSC$j3661.466000$3NO. 11, 1992 *A=1; 15, 1993- 18, 1993 *A=1; 21, 1993- 30, 1998 *A=2
=852  41$aBritish Library$bHMNTS$jZK.9.b.2475$3Holdings: no. 3 (1986)-no. 39 (2008), set incomplete
=945  \\$aEDUCATIONAL NOTES.
=957  \\$a880308c
=959  \\$fHeld but not currently received
=963  \\$aNO. 3, 1986- *A=1$bN$cU
=985  \\$aResponsibility for ISSN transferred to ISSN International Centre from ISSN UK Centre, 03/03/11.
=ACF  \\$aPrevious copyright fee: GBP5.00$c0$e01-jul-2002$fGBP5.00$g0$hC$5Uk
=ACF  \\$aCurrent copyright fee: GBP4.40$c0$e01-jul-1998$fGBP4.40$g0$hA$5Uk
=ACF  \\$aCurrent copyright fee: GBP4.20$c0$e01-apr-1997$fGBP4.20$g0$hA$5Uk
=ACF  \\$aPrevious copyright fee: GBP10.50$c0$e01-jan-2011$fGBP10.50$g0$hA$5Uk
=ACF  \\$aPrevious copyright fee: GBP12.00$c0$e01-jan-2012$fGBP12.00$g0$hA$5Uk
=ACF  \\$aPrevious Copyright Fee: GBP12.30$c0$e01-jan-2014$fGBP12.30$g0$hA$5Uk
=ACF  \\$aPrevious Copyright Fee: GBP15.00$c0$e01-jan-2017$fGBP15.00$g0$hA$5Uk
=ACF  \\$aPrevious Copyright Fee: GBP17.50$c0$e01-jan-2018$fGBP17.50$g0$hA$5Uk
=ACF  \\$aPrevious Copyright Fee: GBP20.00$c0$e01-jan-2020$fGBP20.00$g0$hA$5Uk
=CAT  \\$aCONV$b00$c20040425$lBLL90$h0753
=CAT  \\$a11315$b40$c20090925$lBLL01$h1145
=CAT  \\$aBATCH$b00$c20091210$lBLL01$h0450
=CAT  \\$aBATCH$b00$c20091214$lBLL01$h0651
=CAT  \\$a7792$b40$c20100615$lBLL01$h1448
=CAT  \\$aBATCH-UPD$b40$c20101201$lBLL01$h1239
=CAT  \\$aIPL-CLA$c20101231$lBLL01$h1424
=CAT  \\$a11315$b40$c20110303$lBLL01$h1548
=CAT  \\$aWR11_203$c20111204$lBLL01$h1436
=CAT  \\$aIPL-CLA$c20111230$lBLL01$h1928
=CAT  \\$aBATCH-CLA$b00$c20121108$lBLL01$h1737
=CAT  \\$aWR13.005$c20130323$lBLL01$h1514
=CAT  \\$aBATCH-CLA$c20131219$lBLL01$h1849
=CAT  \\$aIPL-CLA$c20131231$lBLL01$h2217
=CAT  \\$aWR14_140$c20140905$lBLL01$h1750
=CAT  \\$aBATCH-CLA$b00$c20161222$lBLL01$h1746
=CAT  \\$aIPL-CLA$c20161230$lBLL01$h2018
=CAT  \\$aBATCH-CLA$b00$c20171222$lBLL01$h2056
=CAT  \\$aIPL-CLA$c20171231$lBLL01$h1544
=CAT  \\$aBATCH-CLA$b00$c20191219$lBLL01$h1712
=CAT  \\$aIPL-CLA$c20191231$lBLL01$h1851
=CAT  \\$aR2001-1524$c20200127$lBLL01$h1951
=CAT  \\$aBATCH-CLA$b00$c20201204$lBLL01$h1511
=CAT  \\$aIPL-CLA$c20201231$lBLL01$h2108
=CAT  \\$aBATCH-CLA$b00$c20221221$lBLL01$h1818
=CAT  \\$aIPL-CLA$c20221231$lBLL01$h2013
=CFI  0\$aCurrent Copyright Fee: GBP25.00$c0$e01-jan-2023$fGBP25.00$g0$hA$5Uk
=CFI  2\$aPrevious Copyright Fee: GBP22.50$c0$e01-jan-2021$fGBP22.50$g0$hA$5Uk
=FIN  \\$aY
=FMT  \\$a  SE
=LAS  \\$aIPL-CLA$b00$c20221231$lBLL01$h2013
=LEO  \\$aMP22.0000027501
=LEO  \\$aMP10.0000203183
=LEO  \\$aMP13.0001209027
=SRC  \\$aISN01$bbibmp22.200404.2.aa
=SRC  \\$aDSS01$bbibmp10.200404.2.aa
=SRC  \\$aHSS01$bbibmp13.200404.2.ab
=SRC  \\$aDSS04$bbibld.200404.2.aa
=TCO  \\$aCLA$bCLA$c008

