=LDR  03646cas a2200877 a 4500
=001  011452216
=003  Uk
=005  20221231201457.0
=007  ta
=008  960813c19969999enk\x\\\\\\\\\0\\\a0eng\\
=019  c\$a2542933
=022  0\$a1361-7761
=040  \\$aUk$cUk
=210  0\$aLibert. fict.
=222  \0$aLibertarian fictions
=245  00$aLibertarian fictions
=260  \\$aLondon :$bLibertarian Alliance
=336  \\$atext$2rdacontent
=337  \\$aunmediated$2rdamedia
=338  \\$avolume$2rdacarrier
=540  \\$aCurrent Copyright Fee: GBP25.00$c0$5Uk
=710  2\$aLibertarian Alliance.
=776  0\$tLibertarian fictions$c(Online)$x2042-2601
=852  41$aBritish Library$bDSC$j5186.757000$3NO. 2, 1998- 4, 2001 *A=1
=945  \\$aLIBERTARIAN FICTIONS.
=959  \\$fHeld but not currently received
=963  \\$aNO. 1, 1996- *A=1$bN$cL216.B.217
=985  \\$aResponsibility for ISSN transferred to ISSN International Centre from ISSN UK Centre, 04/03/11.
=A02  \\$a2542933
=ACF  \\$aPrevious copyright fee: GBP9.00$c0$e01-apr-2010$fGBP9.00$g0$hA$5Uk
=ACF  \\$aPrevious copyright fee: GBP6.00$c0$e01-apr-2008$fGBP6.00$g0$hA$5Uk
=ACF  \\$aPrevious copyright fee: GBP5.00$c0$e01-jul-2002$fGBP5.00$g0$hA$5Uk
=ACF  \\$aCurrent copyright fee: GBP4.40$c0$e01-jul-1998$fGBP4.40$g0$hA$5Uk
=ACF  \\$aCurrent copyright fee: GBP4.20$c0$e01-apr-1997$fGBP4.20$g0$hA$5Uk
=ACF  \\$aPrevious copyright fee: GBP10.50$c0$e01-jan-2011$fGBP10.50$g0$hA$5Uk
=ACF  \\$aPrevious copyright fee: GBP12.00$c0$e01-jan-2012$fGBP12.00$g0$hA$5Uk
=ACF  \\$aPrevious Copyright Fee: GBP12.30$c0$e01-jan-2014$fGBP12.30$g0$hA$5Uk
=ACF  \\$aPrevious Copyright Fee: GBP15.00$c0$e01-jan-2017$fGBP15.00$g0$hA$5Uk
=ACF  \\$aPrevious Copyright Fee: GBP17.50$c0$e01-jan-2018$fGBP17.50$g0$hA$5Uk
=ACF  \\$aPrevious Copyright Fee: GBP20.00$c0$e01-jan-2020$fGBP20.00$g0$hA$5Uk
=CAT  \\$aCONV$b00$c20040425$lBLL90$h0849
=CAT  \\$aBATCH-UPD$b00$c20100331$lBLL01$h2250
=CAT  \\$aBATCH-UPD$b00$c20100401$lBLL01$h0218
=CAT  \\$aBATCH$b00$c20100401$lBLL01$h0519
=CAT  \\$aBATCH$b00$c20100401$lBLL01$h1547
=CAT  \\$aBATCH-UPD$b00$c20101124$lBLL01$h1914
=CAT  \\$aBATCH-UPD$b00$c20101125$lBLL01$h1140
=CAT  \\$aIPL-CLA$c20101231$lBLL01$h1424
=CAT  \\$a11315$b40$c20110304$lBLL01$h0848
=CAT  \\$aWR11_203$c20111204$lBLL01$h1436
=CAT  \\$aIPL-CLA$c20111230$lBLL01$h1928
=CAT  \\$aBATCH-CLA$b00$c20121108$lBLL01$h1737
=CAT  \\$aWR13.005$c20130329$lBLL01$h1217
=CAT  \\$aBATCH-CLA$c20131219$lBLL01$h1850
=CAT  \\$aIPL-CLA$c20131231$lBLL01$h2218
=CAT  \\$aBATCH-CLA$b00$c20161222$lBLL01$h1746
=CAT  \\$aIPL-CLA$c20161230$lBLL01$h2020
=CAT  \\$aBATCH-CLA$b00$c20171222$lBLL01$h2057
=CAT  \\$aIPL-CLA$c20171231$lBLL01$h1545
=CAT  \\$aBATCH-CLA$b00$c20191219$lBLL01$h1713
=CAT  \\$aIPL-CLA$c20191231$lBLL01$h1851
=CAT  \\$aR2001-1524$c20200127$lBLL01$h1952
=CAT  \\$aBATCH-CLA$b00$c20201204$lBLL01$h1512
=CAT  \\$aIPL-CLA$c20201231$lBLL01$h2109
=CAT  \\$aBATCH-CLA$b00$c20221221$lBLL01$h1818
=CAT  \\$aIPL-CLA$c20221231$lBLL01$h2014
=CFI  0\$aCurrent Copyright Fee: GBP25.00$c0$e01-jan-2023$fGBP25.00$g0$hA$5Uk
=CFI  2\$aPrevious Copyright Fee: GBP22.50$c0$e01-jan-2021$fGBP22.50$g0$hA$5Uk
=FIN  \\$aY
=FMT  \\$a  SE
=LAS  \\$aIPL-CLA$b00$c20221231$lBLL01$h2014
=LEO  \\$aMP10.0000343983
=LEO  \\$aMP22.0000049178
=SRC  \\$aDSS01$bbibmp10.200404.2.aa
=SRC  \\$aISN01$bbibmp22.200404.2.aa
=TCO  \\$aCLA$bCLA$c008

