=LDR  05411cas a2201225 a 4500
=001  011456032
=003  Uk
=005  20221231144200.0
=007  ta
=008  020211d19992009enkqr\p\\\\\\\0\\\a0eng\\
=015  \\$aGBA158197$2bnb
=019  y\$abA158197
=019  9\$abA158197
=019  1\$abA158197
=019  c\$a2599508
=022  0\$a1461-6718
=039  0\$a2663
=040  \\$aUk$beng$cUk$dUk
=042  \\$aukblsr
=082  04$a363.509405$222
=222  \0$aEuropean journal of housing policy$b(Print)
=245  00$aEuropean journal of housing policy.
=260  \\$aLondon :$bRoutledge,$c2001-2009.
=300  \\$av. ;$c24 cm.
=310  \\$aFour issues yearly,$b2007-2009
=321  \\$aThree issues yearly,$b2001-2006
=336  \\$atext$2rdacontent
=337  \\$aunmediated$2rdamedia
=338  \\$avolume$2rdacarrier
=362  0\$aVol. 1, no. 1 (Apr. 2001)-v. 9, no. 4 (Dec. 2009).
=540  \\$aCurrent copyright fee: GBP37.00$c2\0$5Uk
=595  \\$aSEE ALSO CARD INDEX.
=650  \0$aHousing$zEurope$vPeriodicals.
=650  \0$aHousing policy$zEurope$vPeriodicals.
=690  7\$aSocial Welfare$2blcoll
=776  0\$tEuropean journal of housing policy (Online)$x1473-3269
=785  00$tInternational journal of housing policy
=852  41$aBritish Library$bDSC$j3829.730010$3Vol. 1, no. 1 (2001)-v. 9, no. 4 (2009)***UKRR Retained Title
=852  41$aBritish Library$bHMNTS$jZC.9.a.6442$3Vol. 1, no. 1 (Apr. 2001)-v. 9, no. 4 (2009)
=856  \\$31850-9999$uhttp://www.tandfonline.com/$xBLDSS
=945  \\$aEUROPEAN JOURNAL OF HOUSING POLICY.
=959  \\$fHeld but not currently received
=985  \\$aISSN UK Centre - Responsibility for ISSN transferred to US ISSN Centre from ISSN UK Centre, 18.06.09
=985  \\$aRecord merged by SUNCAT team
=ACF  \\$aPrevious copyright fee: GBP17.00$c2\0$e01-jan-2010$fGBP17.00$g0$hP$5Uk
=ACF  \\$aPrevious copyright fee: GBP16.00$c2\0$e01-jan-2009$fGBP16.00$g0$hP$5Uk
=ACF  \\$aPrevious copyright fee: GBP15.00$c2\0$e01-apr-2008$fGBP15.00$g0$hP$5Uk
=ACF  \\$aPrevious copyright fee: GBP16.00$c2\0$e01-jan-2007$fGBP16.00$g0$hP$5Uk
=ACF  \\$aPrevious copyright fee: GBP13.00$c2\0$e01-jan-2005$fGBP13.00$g0$hP$5Uk
=ACF  \\$aPrevious copyright fee: GBP11.00$c2\0$e01-jan-2004$fGBP11.00$g0$hP$5Uk
=ACF  \\$aCurrent copyright fee: GBP10.00$c2\0$e01-apr-2002$fGBP10.00$g0$hP$5Uk
=ACF  \\$aCurrent copyright fee: GBP9.00$c2\0$e19-jul-2001$fGBP9.00$g0$hP$5Uk
=ACF  \\$aPrevious copyright fee: GBP21.00$c2\0$e01-jan-2011$fGBP21.00$g0$hP$5Uk
=ACF  \\$aPrevious copyright fee: GBP23.00$c2\0$e01-jan-2012$fGBP23.00$g0$hP$5Uk
=ACF  \\$aPrevious copyright fee: GBP23.50$c2\0$e01-jan-2013$fGBP23.50$g0$hP$5Uk
=ACF  \\$aPrevious copyright fee: GBP24.00$c2\0$e01-jan-2014$fGBP24.00$g0$hP$5Uk
=ACF  \\$aPrevious copyright fee: GBP25.00$c2\0$e01-jan-2015$fGBP25.00$g0$hP$5Uk
=ACF  \\$aPrevious copyright fee: GBP26.00$c2\0$e01-jan-2016$fGBP26.00$g0$hP$5Uk
=ACF  \\$aPrevious copyright fee: GBP28.00$c2\0$e01-jan-2017$fGBP28.00$g0$hP$5Uk
=ACF  \\$aPrevious copyright fee: GBP30.00$c2\0$e01-jan-2018$fGBP30.00$g0$hP$5Uk
=ACF  \\$aPrevious copyright fee: GBP32.00$c2\0$e01-jan-2019$fGBP32.00$g0$hP$5Uk
=ACF  \\$aPrevious copyright fee: GBP34.00$c2\0$e01-jan-2020$fGBP34.00$g0$hP$5Uk
=CAT  \\$aCONV$b00$c20040425$lBLL90$h0849
=CAT  \\$aIPL-CLA$c20130102$lBLL01$h1715
=CAT  \\$aWR13.005$c20130329$lBLL01$h1221
=CAT  \\$aBATCH-UPD$b00$c20131119$lBLL01$h1958
=CAT  \\$aIPL-CLA$c20131231$lBLL01$h2219
=CAT  \\$aBATCH-CLA$b00$c20140125$lBLL01$h1318
=CAT  \\$aBATCH-CLA$c20140225$lBLL01$h2317
=CAT  \\$aWR14_140$c20140905$lBLL01$h1750
=CAT  \\$aBATCH-UPD$b00$c20141124$lBLL01$h1801
=CAT  \\$aBLDSS-3PM$b00$c20141130$lBLL01$h1247
=CAT  \\$aIPL-CLA$c20141231$lBLL01$h1648
=CAT  \\$aBATCH-UPD$b00$c20151119$lBLL01$h1542
=CAT  \\$aIPL-CLA$c20151231$lBLL01$h1915
=CAT  \\$aBATCH-UPD$b00$c20161122$lBLL01$h1511
=CAT  \\$aBATCH-UPD$b00$c20161122$lBLL01$h1607
=CAT  \\$aIPL-CLA$c20161230$lBLL01$h2020
=CAT  \\$aBATCH-UPD$b00$c20171121$lBLL01$h1646
=CAT  \\$aIPL-CLA$c20171231$lBLL01$h1545
=CAT  \\$aBATCH-UPD$b00$c20181217$lBLL01$h1637
=CAT  \\$aIPL-CLA$c20181231$lBLL01$h1538
=CAT  \\$aBATCH-UPD$b00$c20191122$lBLL01$h1859
=CAT  \\$aIPL-CLA$c20191231$lBLL01$h1852
=CAT  \\$aBATCH-UPD$b00$c20201118$lBLL01$h1333
=CAT  \\$aIPL-CLA$c20201231$lBLL01$h1526
=CAT  \\$aBATCH-UPD$b00$c20221121$lBLL01$h1345
=CAT  \\$aIPL-CLA$c20221231$lBLL01$h1442
=CFI  0\$aCurrent copyright fee: GBP37.00$c2\0$e01-jan-2023$fGBP37.00$g0$hP$5Uk
=CFI  2\$aPrevious copyright fee: GBP35.00$c2\0$e01-jan-2021$fGBP35.00$g0$hP$5Uk
=FFP  \\$aY$bBLDSS-3PM
=FIN  \\$aY$d20100812
=FMT  \\$a  SE
=LAS  \\$aIPL-CLA$b00$c20221231$lBLL01$h1442
=LEO  \\$aMP5.0001469164
=LEO  \\$aMP13.0000231269
=LEO  \\$aMP10.0000219211
=LEO  \\$aMP22.0000057316
=LKR  \\$aPAR$b013355802$lBLL01$r776$mEuropean journal of housing policy (Print)$nEuropean journal of housing (Online)
=SRC  \\$aBNB03$bbibmp5.200404.2.ac
=SRC  \\$aHSS01$bbibmp13.200404.2.aa
=SRC  \\$aDSS01$bbibmp10.200404.2.aa
=SRC  \\$aISN01$bbibmp22.200404.2.aa
=TCO  \\$aCLA$bCLA$c008
=TOC  \\$aETOC

