=LDR  03357cas a2200829 a 4500
=001  011457102
=003  Uk
=005  20230615155041.0
=006  m\\\\\o\\d\\\\\\\\
=007  cr\cn|||||||||
=008  041202c19999999enkbr\p\o\\\\\0\\\a0eng\\
=010  \\$a  2021204395
=022  \\$a1465-1734
=035  \\$a(OCoLC)57133756
=037  \\$a???$bIWA
=040  \\$aHNK$beng$cHNK$dOCLCQ$dOCL$dOCLCQ$dOCLCF$dOCLCQ$dCUY$dCUI$dEQF$dDLC$dOCLCO$dUk$erda$epn
=042  \\$aukblsr
=050  14$aGB656.2.E43
=082  04$a551.480285$223
=210  0\$aJ. hydroinform.$b(Online)
=222  \0$aJournal of hydroinformatics$b(Online)
=245  00$aJournal of hydroinformatics.
=264  \1$aLondon :$bIWA Publishing,$c1999-
=300  \\$a1 online resource
=310  \\$a6 times a year,$b2014-
=321  \\$aQuarterly,$b<2000>-2013
=336  \\$atext$2rdacontent
=337  \\$acomputer$2rdamedia
=338  \\$aonline resource$2rdacarrier
=362  1\$aBegan with: Volume 1, issue 1 (July 1999).
=500  \\$a"Official journal of the IAHR-IWA Joint Committee on Hydroinformatics."
=588  0\$aVolume 1, issue 1 (July 1999); title from PDF caption (IWA Publishing website, viewed November 1, 2021).
=588  1\$aVolume 25, issue 3 (May 2023).
=650  \0$aHydrology$xData processing$vPeriodicals.
=650  \0$aGeographic information systems$vPeriodicals.
=650  \7$aGeographic information systems.$2fast$0(OCoLC)fst00940423
=650  \7$aHydrology$xData processing.$2fast$0(OCoLC)fst00965154
=655  \0$aElectronic journals.
=655  \7$aPeriodicals.$2fast$0(OCoLC)fst01411641
=710  2\$aInternational Water Association,$eissuing body.
=710  2\$aIAHR-IWA Joint Committee on Hydroinformatics,$eissuing body.
=776  08$iPrint version:$tJournal of hydroinformatics$x1464-7141
=852  41$aBritish Library$bHMNTS$jELD Digital store$3Volume 24:Issue 1(2022)-
=856  40$uhttp://www.iwaponline.com/jh/toc.htm
=856  40$uhttps://iwaponline.com/jh
=856  40$uhttps://iwaponline.com/jh/issue/browse-by-year
=856  40$uhttps://iwaponline.com/jh/issue$zInternational Water Association online journals UCB access. Restricted to UCB IP addresses
=859  \\$aELD$bejournal
=985  \\$aResponsibility for ISSN transferred to the International Centre from ISSN UK, 26/11/07
=CAT  \\$aCONV$b00$c20040425$lBLL90$h0850
=CAT  \\$aCONV$b00$c20040502$lBLL01$h1434
=CAT  \\$aglobal_upd$b40$c20060417$lBLL01$h1818
=CAT  \\$a6537$b40$c20071126$lBLL01$h1002
=CAT  \\$a6537$b40$c20071126$lBLL01$h1109
=CAT  \\$aBATCH$b00$c20091210$lBLL01$h0503
=CAT  \\$aBATCH$b00$c20091214$lBLL01$h0706
=CAT  \\$a10983$b40$c20220712$lBLL01$h0833
=CAT  \\$a10983$b40$c20220713$lBLL01$h0842
=CAT  \\$a10969$b40$c20230615$lBLL01$h1219
=CAT  \\$a10969$b40$c20230615$lBLL01$h1222
=CAT  \\$a10969$b40$c20230615$lBLL01$h1342
=CAT  \\$a10969$b40$c20230615$lBLL01$h1549
=CAT  \\$a10969$b40$c20230615$lBLL01$h1550
=FIN  \\$aY
=FMT  \\$a  SE
=LAS  \\$a10969$b40$c20230615$lBLL01$h1550
=LEO  \\$aMP22.0000060026
=LKR  \\$aPAR$b007076673$lBLL01$r776$mJournal of hydroinformatics (Online)$nJournal of hydroinformatics (Print)
=MNI  \\$a1464-7141
=SRC  \\$aISN01$bbibmp22.200404.2.aa
=SRC  \\$aBLL02
=TCO  \\$aCLA$bCLA$c008

