=LDR  04195cas a2200937 i 4500
=001  011458213
=003  Uk
=005  20230509142646.0
=006  m\\\\\|\\d\|\\\\\\
=007  cr\|||||||||||
=008  991004c19939999ru\br\p\o\\\\\0\\\a0eng\\
=015  \\$aGBB519852$2bnb
=022  0\$a1468-4802
=037  \\$aISSN_10645616$bPortico$nInstitute of Physics Publishing
=040  \\$aUk$beng$cUk$erda
=041  1\$aeng$hrus
=042  \\$aukblsr
=082  04$a510.5$223
=130  0\$aMatematicheskii Sbornik.$lEnglish.
=210  0\$aSb. Math.$b(Online)
=222  \0$aSbornik : Mathematics$b(Online)
=245  10$aSbornik.$pMathematics.
=264  \1$aLondon :$bLondon Mathematical Society, Turpion Ltd, and the Russian Academy of Sciences
=264  31$32022-$aMoscow :$bSteklov Mathematical Institute of Russian Academy of Sciences
=310  \\$aBimonthly
=336  \\$atext$2rdacontent
=337  \\$acomputer$2rdamedia
=338  \\$aonline resource$2rdacarrier
=362  1\$aPrint version began with: vol. 75, no. 1 (1993).
=500  \\$a"Since the beginning of 1995 Sbornik: Mathematics has been published jointly by the London Mathematical Society, Turpion Ltd, and the Russian Academy of Sciences. Sbornik: Mathematics is published bimonthly; each issue being made up of two issues of Matematicheskii Sbornik translated into English." -- Journal homepage (IOPscience website, viewed February 13, 2015).
=540  \\$aCurrent Copyright Fee: GBP30.00$c77\0$5Uk
=588  \\$aDescription based on: volume 205, number 11 (2014); title from journal homepage (IOPscience website, viewed February 13, 2015).
=588  \\$aLatest issue consulted: volume 213, numbers 5/6 (2022) (cover PDF received via email from ISSN Russia).
=650  \0$aMathematics$vPeriodicals.
=710  2\$aLondon Mathematical Society.
=710  2\$aRossiĭskai︠a︡ akademii︠a︡ nauk.
=710  2\$aTurpion Limited.
=776  08$iAlso issued in print as:$tMatematicheskiĭ Sbornik. English$x1064-5616
=780  00$tMathematics of the USSR. Sbornik$x2169-5288
=852  41$aBritish Library$bSTI$jELD Digital store$3Volume 206:Number 1(2015)-***Previous issues available in print copy
=856  \\$31850-9999$uhttp://ioppublishing.org/$xBLDSS
=856  40$uhttp://iopscience.iop.org/1064-5616
=856  4\$uhttps://www.mi-ras.ru/index.php?l=1&c=publisher
=859  \\$aELD$bejournal
=945  \\$aSbornik Mathematics C/C of Matematicheskii Sbornik.
=979  \\$aBritish Library$bDSC$j0420.789600
=985  \\$aISSN responsibility transfer from UK to Russia pending (Richard, 09/05/23).
=CAT  \\$aCONV$b00$c20040425$lBLL90$h0850
=CAT  \\$aCONV$b00$c20040502$lBLL01$h1434
=CAT  \\$aglobal_upd$b40$c20060417$lBLL01$h1818
=CAT  \\$a8874$b40$c20080903$lBLL01$h1508
=CAT  \\$aBATCH$b00$c20091210$lBLL01$h0503
=CAT  \\$aBATCH$b00$c20091214$lBLL01$h0706
=CAT  \\$a5552$b40$c20121205$lBLL01$h1212
=CAT  \\$aBLDSS-3PM$b00$c20141121$lBLL01$h1820
=CAT  \\$a10876$b40$c20150120$lBLL01$h1628
=CAT  \\$a10806$b40$c20150213$lBLL01$h1147
=CAT  \\$a10806$b40$c20150213$lBLL01$h1152
=CAT  \\$a10806$b40$c20150213$lBLL01$h1157
=CAT  \\$aBATCH-UPD$b40$c20160413$lBLL01$h1813
=CAT  \\$aBATCH-UPD$b40$c20160620$lBLL01$h0150
=CAT  \\$a5552$b40$c20170222$lBLL01$h1437
=CAT  \\$aW1711-1005$c20171206$lBLL01$h1814
=CAT  \\$a5552$b40$c20180601$lBLL01$h0927
=CAT  \\$a5552$b40$c20180601$lBLL01$h1410
=CAT  \\$aIPL-CLA$c20180630$lBLL01$h1912
=CAT  \\$a10806$b40$c20230509$lBLL01$h1426
=CFI  0\$aCurrent Copyright Fee: GBP30.00$c77\0$e01-jul-2018$fGBP30.00$g0$hP$5Uk
=CFI  2\$aPrevious copyright fee: GBP33.00$c77\0$e05-dec-2012$fGBP33.00$g0$hP$5Uk
=FFP  \\$aY$bBLDSS-3PM
=FIN  \\$aY
=FMT  \\$a  SE
=LAS  \\$a10806$b40$c20230509$lBLL01$h1426
=LEO  \\$aMP22.0000062623
=LET  \0$aSbornik : Mathematics (Electronic)
=LKR  \\$aPAR$b009181184$lBLL01$r776$mSbornik. Mathematics (Online)$nSbornik. Mathematics (Print)
=MNI  \\$a1064-5616
=SRC  \\$aISN01$bbibmp22.200404.2.aa
=TCO  \\$aCLA$bCLA$c008
=TOC  \\$aETOC
=UNO  \\$aY

