=LDR  04525cas a2201009 i 4500
=001  011458214
=003  Uk
=005  20230509142350.0
=006  m\\\\\|\\d\|\\\\\\
=007  cr\|||||||||||
=008  991004c19939999ru\br\p\s\\\\\0\\\a0eng\\
=015  \\$aGBB5G4358$2bnb
=022  0\$a1468-4810
=037  \\$aISSN_10645632$bPortico$nInstitute of Physics Publishing
=040  \\$aUk$beng$cUk$dUk$erda
=041  1\$aeng$hrus
=042  \\$aukblsr
=082  04$a510.5$223
=130  0\$aIzvestii͡a Rossiĭskoĭ Akademii nauk.$pSerii͡a matematicheskai͡a.$lEnglish.
=210  0\$aIzv., Math.$b(Online)
=222  \0$aIzvestiya. Mathematics$b(Online)
=245  10$aIzvestiya.$pMathematics.
=264  \1$aLondon :$bPublished jointly by the London Mathematical Society, Turpion Ltd, and the Russian Academy of Sciences
=264  31$32022-$aMoscow :$bSteklov Mathematical Institute of Russian Academy of Sciences
=310  \\$aBimonthly
=336  \\$atext$2rdacontent
=337  \\$acomputer$2rdamedia
=338  \\$aonline resource$2rdacarrier
=362  1\$aPrint began vith vol. 51, no. 1 (1993)?
=540  \\$aCurrent Copyright Fee: GBP30.00$c77\0$5Uk
=580  \\$aIssued also in Russian: Izvestiâ Rossijskoj akademii nauk. Seriâ matematičeskaâ.
=580  \\$aIncludes issues of earlier title: Mathematics of the USSR. Izvestija.
=588  \\$aDescription based on print version record.
=588  \\$aLatest issue consulted: volume 86, number 3 (2022) (cover PDF received via email from ISSN Russia).
=650  \0$aMathematics$vPeriodicals.
=710  2\$aLondon Mathematical Society,$eissuing body.
=710  2\$aRossiĭskai︠a︡ akademii︠a︡ nauk,$eissuing body.
=775  1\$tIzvestiâ Rossijskoj akademii nauk. Seriâ matematičeskaâ$x2587-5906
=776  08$iAlso issued in print as:$tIzvestii͡a Rossiĭskoĭ Akademii nauk. Serii͡a matematicheskai͡a. English. Izvestiya. Mathematics$x1064-5632
=780  10$tAkademii︠a︡ nauk SSSR. Izvestii︠a︡. Serii︠a︡ matematicheskai︠a︡. English. Mathematics of the USSR. Izvestija$x2169-5075
=852  41$aBritish Library$bSTI$jELD Digital store$3Volume 79:Number 1(2015)-***Previous issues available in print copy
=856  \\$31850-9999$uhttp://ioppublishing.org/$xBLDSS
=856  40$uhttp://iopscience.iop.org/1064-5632/
=856  4\$uhttps://www.mi-ras.ru/index.php?l=1&c=publisher
=859  \\$aELD$bejournal
=945  \\$aIzvestiya mathematics C/C of Izvestiia- Rossiiskaia akademiia nauk Seriia matematicheskaia.
=979  \\$aBritish Library$bDSC$j0412.740590
=985  \\$aISSN responsibility transfer from UK to Russia pending (Richard, 09/05/23).
=CAT  \\$aCONV$b00$c20040425$lBLL90$h0850
=CAT  \\$aCONV$b00$c20040502$lBLL01$h1434
=CAT  \\$aglobal_upd$b40$c20060417$lBLL01$h1818
=CAT  \\$aBATCH$b00$c20091210$lBLL01$h0503
=CAT  \\$aBATCH$b00$c20091214$lBLL01$h0706
=CAT  \\$a5552$b40$c20121204$lBLL01$h1206
=CAT  \\$a5552$b40$c20121205$lBLL01$h1158
=CAT  \\$aBLDSS-3PM$b00$c20141121$lBLL01$h1820
=CAT  \\$a10876$b40$c20150114$lBLL01$h1335
=CAT  \\$a5997$b40$c20150211$lBLL01$h1127
=CAT  \\$a5997$b40$c20150211$lBLL01$h1147
=CAT  \\$a5997$b40$c20150211$lBLL01$h1156
=CAT  \\$aBATCH-UPD$b40$c20150821$lBLL01$h0706
=CAT  \\$a11316$b40$c20151116$lBLL01$h1216
=CAT  \\$aBATCH-UPD$b40$c20160413$lBLL01$h1813
=CAT  \\$aBATCH-UPD$b40$c20160522$lBLL01$h2345
=CAT  \\$a5552$b40$c20170425$lBLL01$h1224
=CAT  \\$a10806$b40$c20170726$lBLL01$h1430
=CAT  \\$a10806$b40$c20170726$lBLL01$h1438
=CAT  \\$a10806$b40$c20170726$lBLL01$h1442
=CAT  \\$aW1711-1005$c20171206$lBLL01$h1814
=CAT  \\$a5552$b40$c20180601$lBLL01$h0926
=CAT  \\$a5552$b40$c20180601$lBLL01$h1410
=CAT  \\$aIPL-CLA$c20180630$lBLL01$h1912
=CAT  \\$a10806$b40$c20230509$lBLL01$h1423
=CFI  0\$aCurrent Copyright Fee: GBP30.00$c77\0$e01-jul-2018$fGBP30.00$g0$hP$5Uk
=CFI  2\$aPrevious copyright fee: GBP33.00$c77\0$e04-dec-2012$fGBP33.00$g0$hP$5Uk
=FFP  \\$aY$bBLDSS-3PM
=FIN  \\$aY
=FMT  \\$a  SE
=LAS  \\$a10806$b40$c20230509$lBLL01$h1423
=LEO  \\$aMP22.0000062624
=LET  \0$aIzvestiya. Mathematics. (Electronic)
=LKR  \\$aPAR$b009084877$lBLL01$nIzvestiya. Mathematics (Print)$mIzvestiya. Mathematics (Online)$r776
=MNI  \\$a1064-5632
=SRC  \\$aISN01$bbibmp22.200404.2.aa
=TCO  \\$aCLA$bCLA$c008
=TOC  \\$aETOC
=UNO  \\$aY

