=LDR  04249cas a2200985 i 4500
=001  011458215
=003  Uk
=005  20230509141426.0
=006  m\\\\\|\\d\|\\\\\\
=007  cr\|||||||||||
=008  991004c19609999ru\br\p\o\\\\\0\\\a0eng\\
=015  \\$aGBB519835$2bnb
=022  \\$a1468-4829
=037  \\$aISSN_00360279$bPortico$nInstitute of Physics Publishing
=040  \\$aUk$beng$cUk$dUk$erda
=041  1\$aeng$hrus
=042  \\$aukblsr
=082  04$a510.5$223
=130  0\$aUspekhi matematicheskikh nauk.$lEnglish.
=210  0\$aRuss. math. surv.$b(Online)
=222  \0$aRussian mathematical surveys$b(Online)
=245  10$aRussian mathematical surveys.
=264  \1$aLondon :$bLondon Mathematical Society, Turpion Ltd, and the Russian Academy of Sciences,$c[1960]-
=264  31$32022-$aMoscow :$bSteklov Mathematical Institute of Russian Academy of Sciences
=310  \\$aBimonthly
=336  \\$atext$2rdacontent
=337  \\$acomputer$2rdamedia
=338  \\$aonline resource$2rdacarrier
=362  0\$aBegan with volume 15, number 1 (1960).
=500  \\$aTitle from journal homepage (IOPscience website, viewed February 13, 2015).
=540  \\$aCurrent copyright fee: GBP30.00$c77\0$5Uk
=588  \\$aLatest issue consulted: volume 77, number 3 (2022) (cover PDF received via email from ISSN Russia).
=588  \\$aDescription based on: volume 69, number 5 (2014); title from journal homepage (IOPscience website, viewed February 13, 2015).
=650  \0$aMathematics$zSoviet Union$vPeriodicals.
=650  \0$aMathematics$zRussia (Federation)$vPeriodicals.
=650  \0$aMathematics$vPeriodicals.
=650  \0$aMathematicians$zSoviet Union$vPeriodicals.
=650  \0$aMathematicians$zRussia (Federation)$vPeriodicals.
=710  2\$aLondon Mathematical Society.
=710  2\$aRossiĭskai︠a︡ akademii︠a︡ nauk.
=710  2\$aTurpion Limited.
=776  08$iAlso issued in print as:$tUspekhi matematicheskikh nauk. English$x0036-0279
=776  08$iAlso issued on CD-ROM as:$tUspekhi matematicheskikh nauk. English$x1473-2009
=852  41$aBritish Library$bSTI$jELD Digital store$3Volume 70:Number 1(2015)-***Previous issues available in print copy
=856  \\$31850-9999$uhttp://ioppublishing.org/$xBLDSS
=856  40$uhttp://iopscience.iop.org/0036-0279
=856  4\$uhttps://www.mi-ras.ru/index.php?l=1&c=publisher
=859  \\$aELD$bejournal
=945  \\$aRUSSIAN MATHEMATICAL SURVEYS C/C OF USPEKHI MATEMATICHESKIKH NAUK.
=979  \\$aBritish Library$bDSC$j0420.766000
=985  \\$aISSN responsibility transfer from UK to Russia pending (Richard, 09/05/23).
=CAT  \\$aCONV$b00$c20040425$lBLL90$h0850
=CAT  \\$aCONV$b00$c20040502$lBLL01$h1434
=CAT  \\$a6550$b40$c20051230$lBLL01$h1103
=CAT  \\$a6550$b40$c20060106$lBLL01$h0847
=CAT  \\$aglobal_upd$b40$c20060417$lBLL01$h1818
=CAT  \\$a5552$b40$c20121205$lBLL01$h1212
=CAT  \\$aBLDSS-3PM$b00$c20141121$lBLL01$h1820
=CAT  \\$a10876$b40$c20150120$lBLL01$h1614
=CAT  \\$a10806$b40$c20150213$lBLL01$h1056
=CAT  \\$a10806$b40$c20150213$lBLL01$h1057
=CAT  \\$aBATCH-UPD$b40$c20150823$lBLL01$h0216
=CAT  \\$aBATCH-UPD$b40$c20160413$lBLL01$h1813
=CAT  \\$aBATCH-UPD$b40$c20160522$lBLL01$h2345
=CAT  \\$a5552$b40$c20170223$lBLL01$h0754
=CAT  \\$a5410$b40$c20170317$lBLL01$h1504
=CAT  \\$aW1711-1005$c20171206$lBLL01$h1814
=CAT  \\$a5552$b40$c20180604$lBLL01$h1148
=CAT  \\$aIPL-CLA$c20180630$lBLL01$h1912
=CAT  \\$a5410$b40$c20191129$lBLL01$h0917
=CAT  \\$a10806$b40$c20230509$lBLL01$h1414
=CFI  0\$aCurrent copyright fee: GBP30.00$c77\0$e01-jul-2018$fGBP30.00$g0$hP$5Uk
=CFI  2\$aPrevious copyright fee: GBP33.00$c77\0$e05-dec-2012$fGBP33.00$g0$hP$5Uk
=FFP  \\$aY$bBLDSS-3PM
=FIN  \\$aY
=FMT  \\$a  SE
=LAS  \\$a10806$b40$c20230509$lBLL01$h1414
=LEO  \\$aMP22.0000062625
=LET  \0$aRussian mathematical surveys (Electronic)
=LKR  \\$aPAR$b009181168$lBLL01$r776$mRussian mathematical surveys (Online)$nRussian mathematical surveys (Print)
=MNI  \\$a0036-0279
=SRC  \\$aISN01$bbibmp22.200404.2.aa
=TCO  \\$aCLA$bCLA$c008
=TOC  \\$aETOC
=UNO  \\$aY

