=LDR  07323cas a2201513 a 4500
=001  011459204
=003  Uk
=005  20220930142537.0
=007  ta
=008  000905c19999999enkmr\p\\\\\\\0\\\a0eng\\
=019  c\$a2585154
=019  1\$abld00E4162
=019  0\$as656562005
=022  \\$a1471-6577
=040  \\$aUk$cUk$dUk
=082  04$a543.089$221
=084  \\$aJF 30$2blsrissc
=210  0\$aLC GC Eur.
=222  \0$aLC GC Europe
=245  00$aLC GC Europe :$bsolutions for separation scientists.
=260  \\$aChester :$bAdvanstar Communications,$c1999-
=264  21$aCheshire Oaks, Cheshire :$bUBM Life Sciences, Pharma/Science
=264  31$aEllesmere Port :$bMultimedia UK, LLC
=300  \\$av. :$bill. (some col.) ;$c27-28 cm.
=310  \\$aMonthly
=336  \\$atext$2rdacontent
=337  \\$aunmediated$2rdamedia
=338  \\$avolume$2rdacarrier
=362  0\$aVol. 12, no. 9 (Sept. 1999)-
=500  \\$aDescription based on: Vol. 12, no. 10 (Oct. 1999).
=525  \\$aSupplements accompany some issues.
=540  \\$aCurrent copyright fee: GBP20.83$c17\0$5Uk
=588  \\$aLatest issue consulted: volume 34, number 1 (January 2021).
=595  \\$aSRIS SHARED STOCK. FORMERLY 5162.2462 UP TO VOL. 12(8), 1999.
=650  \0$aSeparation (Technology)$vPeriodicals.
=740  02$aEuropean directory.
=740  42$aThe applications book.
=770  0\$tCurrent trends in mass spectrometry
=780  00$tLC GC international$x0895-5441
=852  41$aBritish Library$bDSC$j5162.246003$3Vol. 12, no. 9 (1999)-v. 17, pt. 6 (2004)***Latest issues held for 6 months.
=852  41$aBritish Library$bHMNTS$jZK.9.a.6849$3Vol. 12, no. 9 (Sept. 1999)-
=852  71$aBritish Library$bSTI$k(P)$hJF 30$m-E(20)$2blsrissc$3Vol. 12, no. 9 (1999)-v. 28, no. 6 (2015)
=856  \\$31850-9999$uhttp://ubmadvanstar.com/$xBLDSS
=945  \\$aLC GC EUROPE
=957  \\$a000413c
=957  \\$a000413p
=959  \\$fHeld but not currently received
=985  \\$aCONFERENCE ANALYTIC RECORDS EXIST
=985  \\$aISSN responsibility passed to U.S. Center - multinational publisher now U.S. responsibility (Richard, 14/04/21)
=A02  \\$a2585154
=ACF  \\$aPrevious copyright fee: GBP15.63$c17\0$e01-jul-2011$fGBP15.63$g0$hP$5Uk
=ACF  \\$aPrevious copyright fee: GBP16.13$c17\0$e01-jul-2010$fGBP16.13$g0$hP$5Uk
=ACF  \\$aPrevious copyright fee: GBP15.15$c17\0$e01-oct-2009$fGBP15.15$g0$hP$5Uk
=ACF  \\$aPrevious copyright fee: GBP17.86$c17\0$e01-apr-2009$fGBP17.86$g0$hP$5Uk
=ACF  \\$aPrevious copyright fee: GBP15.63$c17\0$e01-jan-2009$fGBP15.63$g0$hP$5Uk
=ACF  \\$aPrevious copyright fee: GBP10.00$c17\0$e01-jan-2008$fGBP10.00$g0$hP$5Uk
=ACF  \\$aPrevious copyright fee: GBP8.50$c17\0$e01-jul-2007$fGBP8.50$g0$hP$5Uk
=ACF  \\$aPrevious copyright fee: GBP8.72$c17\0$e01-apr-2007$fGBP8.72$g0$hP$5Uk
=ACF  \\$aPrevious copyright fee: GBP9.19$c17\0$e01-oct-2006$fGBP9.19$g0$hP$5Uk
=ACF  \\$aPrevious copyright fee: GBP9.71$c17\0$e01-apr-2006$fGBP9.71$g0$hP$5Uk
=ACF  \\$aPrevious copyright fee: GBP9.44$c17\0$e01-jan-2006$fGBP9.44$g0$hP$5Uk
=ACF  \\$aPrevious copyright fee: GBP9.19$c17\0$e01-apr-2005$fGBP9.19$g0$hP$5Uk
=ACF  \\$aPrevious copyright fee: GBP9.44$c17\0$e01-jan-2005$fGBP9.44$g0$hP$5Uk
=ACF  \\$aPrevious copyright fee: GBP9.19$c17\0$e01-apr-2004$fGBP9.19$g0$hP$5Uk
=ACF  \\$aCurrent copyright fee: GBP10.00$c17\0$e01-jan-2004$fGBP10.00$g0$hP$5Uk
=ACF  \\$aCurrent copyright fee: GBP9.38$c17\0$e01-jan-2003$fGBP9.38$g0$hP$5Uk
=ACF  \\$aPrevious copyright fee: GBP16.13$c17\0$e01-jan-2012$fGBP16.13$g0$hP$5Uk
=ACF  \\$aPrevious copyright fee: GBP15.15$c17\0$e01-jul-2012$fGBP15.15$g0$hP$5Uk
=ACF  \\$aPrevious copyright fee: GBP15.63$c17\0$e01-jan-2013$fGBP15.63$g0$hP$5Uk
=ACF  \\$aPrevious copyright fee: GBP16.13$c17\0$e01-jul-2013$fGBP16.13$g0$hP$5Uk
=ACF  \\$aPrevious copyright fee: GBP15.63$c17\0$e01-jan-2014$fGBP15.63$g0$hP$5Uk
=ACF  \\$aPrevious copyright fee: GBP15.15$c17\0$e01-jul-2014$fGBP15.15$g0$hP$5Uk
=ACF  \\$aPrevious copyright fee: GBP16.13$c17\0$e01-apr-2015$fGBP16.13$g0$hP$5Uk
=ACF  \\$aPrevious copyright fee: GBP16.37$c17\0$e01-jul-2015$fGBP16.37$g0$hP$5Uk
=ACF  \\$aPrevious copyright fee: GBP16.13$c17\0$e01-oct-2015$fGBP16.13$g0$hP$5Uk
=ACF  \\$aPrevious copyright fee: GBP17.24$c17\0$e01-apr-2016$fGBP17.24$g0$hP$5Uk
=ACF  \\$aPrevious copyright fee: GBP18.52$c17\0$e01-oct-2016$fGBP18.52$g0$hP$5Uk
=ACF  \\$aPrevious copyright fee: GBP20.00$c17\0$e01-apr-2017$fGBP20.00$g0$hP$5Uk
=ACF  \\$aPrevious copyright fee: GBP19.23$c17\0$e01-oct-2017$fGBP19.23$g0$hP$5Uk
=ACF  \\$aPrevious copyright fee: GBP17.86$c17\0$e01-apr-2018$fGBP17.86$g0$hP$5Uk
=ACF  \\$aPrevious copyright fee: GBP19.23$c17\0$e01-oct-2018$fGBP19.23$g0$hP$5Uk
=ACF  \\$aPrevious copyright fee: GBP20.00$c17\0$e01-oct-2019$fGBP20.00$g0$hP$5Uk
=ACF  \\$aPrevious copyright fee: GBP19.23$c17\0$e01-apr-2020$fGBP19.23$g0$hP$5Uk
=ACF  \\$aPrevious copyright fee: GBP20.00$c17\0$e01-jul-2020$fGBP20.00$g0$hP$5Uk
=ACF  \\$aPrevious copyright fee: GBP18.52$c17\0$e01-apr-2021$fGBP18.52$g0$hP$5Uk
=ACF  \\$aPrevious copyright fee: GBP17.86$c17\0$e07-jul-2021$fGBP17.86$g0$hP$5Uk
=CAT  \\$aCONV$b00$c20040425$lBLL90$h0850
=CAT  \\$aIPL-CLA$c20160930$lBLL01$h1555
=CAT  \\$aBATCH-UPD$b00$c20170216$lBLL01$h1816
=CAT  \\$aIPL-CLA$c20170331$lBLL01$h1837
=CAT  \\$aBATCH-UPD$b00$c20170904$lBLL01$h1819
=CAT  \\$aIPL-CLA$c20170929$lBLL01$h1721
=CAT  \\$aBATCH-UPD$b00$c20180223$lBLL01$h1635
=CAT  \\$aIPL-CLA$c20180331$lBLL01$h1611
=CAT  \\$aBATCH-UPD$b00$c20180823$lBLL01$h1919
=CAT  \\$aIPL-CLA$c20180930$lBLL01$h1458
=CAT  \\$aBATCH-UPD$b00$c20190829$lBLL01$h1507
=CAT  \\$aIPL-CLA$c20190930$lBLL01$h1633
=CAT  \\$aBATCH-UPD$b00$c20200219$lBLL01$h1449
=CAT  \\$aIPL-CLA$c20200331$lBLL01$h1610
=CAT  \\$aBATCH-UPD$b00$c20200522$lBLL01$h1439
=CAT  \\$aIPL-CLA$c20200701$lBLL01$h0051
=CAT  \\$aBATCH-UPD$b00$c20210226$lBLL01$h1019
=CAT  \\$aIPL-CLA$c20210331$lBLL01$h1658
=CAT  \\$a10806$b40$c20210414$lBLL01$h0802
=CAT  \\$a10806$b40$c20210520$lBLL01$h0939
=CAT  \\$aBATCH-UPD$b40$c20210707$lBLL01$h1543
=CAT  \\$aIPL-CLA$c20210707$lBLL01$h1842
=CAT  \\$aBATCH-UPD$b00$c20220520$lBLL01$h1617
=CAT  \\$aIPL-CLA$c20220630$lBLL01$h1536
=CAT  \\$aBATCH-UPD$b00$c20220824$lBLL01$h0846
=CAT  \\$aIPL-CLA$c20220930$lBLL01$h1425
=CFI  0\$aCurrent copyright fee: GBP20.83$c17\0$e01-oct-2022$fGBP20.83$g0$hP$5Uk
=CFI  2\$aPrevious copyright fee: GBP20.00$c17\0$e01-jul-2022$fGBP20.00$g0$hP$5Uk
=FFP  \\$aY$bBLDSS-3PM
=FIN  \\$aY
=FMT  \\$a  SE
=LAS  \\$aIPL-CLA$b00$c20220930$lBLL01$h1425
=LEO  \\$aMP13.0000059728
=LEO  \\$aMP25.0000338496
=LEO  \\$aMP10.0000340775
=LEO  \\$aMP22.0000065008
=LKR  \\$aPAR$b011120668$lBLL01$r78000$mLC GC Europe$nLC GC INTERNATIONAL.
=SRC  \\$aHSS01$bbibmp13.200404.2.aa
=SRC  \\$aSRI01$bbibmp25.200404.2.aa
=SRC  \\$aDSS01$bbibmp10.200404.2.aa
=SRC  \\$aISN01$bbibmp22.200404.2.aa
=TCO  \\$aCLA$bCLA$c008
=TOC  \\$aETOC

