=LDR  03822cas a2200925 i 4500
=001  011459771
=003  Uk
=005  20210422083754.0
=006  m\\\\\|\\d\|\\\\\\
=007  cr||||||||||||
=008  020626c19809999enkmr\p\s\\\\\0\\\a0eng\\
=015  \\$aGBB579533$2bnb
=022  0\$a1473-5628
=037  \\$aISSN_01433636$bPortico$nLippincott Williams & Wilkins
=040  \\$aUk$beng$cUk$erda
=042  \\$aukblsr
=082  04$a616.07575$223
=210  0\$aNucl. med. common.$b(Online)
=222  \0$aNuclear medicine communications$b(Online)
=245  00$aNuclear medicine communications.
=246  10$aNMC
=260  \\$aLondon :$bChapman and Hall [for] the British Nuclear Medicine Society,$c1980-
=264  21$aHagerstown, Md. :$bLippincott Williams & Wilkins
=264  31$a[London] :$bLippincott Williams & Wilkins Inc
=310  \\$aMonthly
=336  \\$atext$2rdacontent
=337  \\$acomputer$2rdamedia
=338  \\$aonline resource$2rdacarrier
=362  1\$aPrint began with volume 1, number 1 (March 1980).
=540  \\$aCurrent copyright fee: GBP32.00$c20\0$5Uk
=588  \\$aDescription based on print version record.
=588  \\$aLatest issue consulted: volume 36, issue 7 (July 2015) (publisher's Web site, viewed June 23, 2015).
=650  \0$aNuclear medicine$vPeriodicals.
=710  2\$aBritish Nuclear Medicine Society,$eissuing body.
=776  08$iAlso issued in print as:$tNuclear medicine communications$x0143-3636
=852  \\$aBritish Library$bDSC$j6180.923000$3Volume 42:Issue 1(2021)-
=852  41$aBritish Library$bSTI$jELD Digital store$3Volume 36:Issue 1(2015:Jan.)-
=856  \\$31850-9999$uhttp://journals.lww.com/pages/default.aspx$xBLDSS
=856  4\$uhttp://www.lww.com/Product/0143-3636
=856  40$uhttp://journals.lww.com/nuclearmedicinecomm/pages/default.aspx
=856  40$uwww.nuclearmedicinecomm.com
=859  \\$aELD$bejournal
=945  \\$aNuclear medicine communications.
=959  \\$fCurrently received
=985  \\$aISSN note: responsibility for ISSN transferred from UK ISSN Centre to U.S. ISSN Center under a multinational publisher agreement, 15.05.14.
=CAT  \\$aCONV$b00$c20040425$lBLL90$h0850
=CAT  \\$aCONV$b00$c20040502$lBLL01$h1434
=CAT  \\$aglobal_upd$b40$c20060417$lBLL01$h1819
=CAT  \\$a8874$b40$c20081118$lBLL01$h1332
=CAT  \\$aBATCH$b00$c20091210$lBLL01$h0504
=CAT  \\$aBATCH$b00$c20091214$lBLL01$h0707
=CAT  \\$a11315$b40$c20140514$lBLL01$h1514
=CAT  \\$a11315$b40$c20140515$lBLL01$h1345
=CAT  \\$a10902$b40$c20150526$lBLL01$h1332
=CAT  \\$a10973$b40$c20150623$lBLL01$h1355
=CAT  \\$a5552$b40$c20160122$lBLL01$h1234
=CAT  \\$aBLDSS-3PM$b00$c20160201$lBLL01$h1812
=CAT  \\$aBATCH-UPD$b00$c20160217$lBLL01$h1711
=CAT  \\$aIPL-CLA$c20160331$lBLL01$h1715
=CAT  \\$aBATCH-UPD$b00$c20160413$lBLL01$h1813
=CAT  \\$aBATCH-UPD$b00$c20160524$lBLL01$h2155
=CAT  \\$aBATCH-UPD$b00$c20160524$lBLL01$h2240
=CAT  \\$a5552$b40$c20170322$lBLL01$h0856
=CAT  \\$a5410$b40$c20170330$lBLL01$h1214
=CAT  \\$aW1711-1005$c20171206$lBLL01$h1814
=CAT  \\$a12654$b40$c20210422$lBLL01$h0837
=CFI  0\$aCurrent copyright fee: GBP32.00$c20\0$e01-apr-2016$fGBP32.00$g0$hP$5Uk
=CFI  2\$aPrevious copyright fee: GBP30.32$c20\0$e22-jan-2016$fGBP30.32$g0$hP$5Uk
=FFP  \\$aY$bBLDSS-3PM
=FIN  \\$aY
=FMT  \\$a  SE
=LAS  \\$a12654$b40$c20210422$lBLL01$h0837
=LEO  \\$aMP22.0000066425
=LET  \0$aNuclear medicine communications (Electronic)
=LKR  \\$aPAR$b010996607$lBLL01$nNuclear medicine communication (Print)$mNuclear medicine communication (Online)$r776
=MNI  \\$a0143-3636
=SRC  \\$aISN01$bbibmp22.200404.2.aa
=TCO  \\$aCLA$bCLA$c008
=TOC  \\$aETOC
=UNO  \\$aY

