=LDR  04769cas a2201093 a 4500
=001  011459776
=003  Uk
=005  20230207080414.0
=006  m\\\\\o\\d\\\\\\\\
=007  cr\|||||||||||
=008  971013c19899999nyumr\pso\\\\\0\\\a0eng\c
=010  \\$a  2011242008
=022  0\$a1473-5687$l0954-691X$y0954-691X
=035  \\$a(OCoLC)37774480
=037  \\$aISSN_0954691X$bPortico$nLippincott Williams & Wilkins
=040  \\$aOCoLC$beng$cOCoLC$dOCoLC$dPPiU-H$dOCoLC$dMCM$dOCoLC$dOCLCF$dDLC$dUk
=042  \\$aukblsr
=050  \4$aRC799$b.E97
=082  10$a616.33$223
=130  0\$aEuropean journal of gastroenterology & hepatology (Online)
=210  0\$aEur. j. gastroenterol. hepatol.$b(Online)
=222  \0$aEuropean journal of gastroenterology & hepatology$b(Online)
=245  10$aEuropean journal of gastroenterology & hepatology$h[electronic resource].
=246  30$aEuropean journal of gastroenterology and hepatology
=260  \\$aLondon :$bLippincott Williams & Wilkins
=260  2\$a[Oxford] :$bRapid Science Publishers
=260  3\$3<2014->:$aMelville, NY :$bLippincott Williams & Wilkins
=310  \\$aMonthly
=336  \\$atext$2rdacontent
=337  \\$acomputer$2rdamedia
=338  \\$aonline resource$2rdacarrier
=362  1\$aBegan with v. 1, no. 1 (Aug. 1989).
=530  \\$aAlso issued in print.
=538  \\$aMode of access: World Wide Web.
=540  \\$aCurrent copyright fee: GBP32.00$c20\0$5Uk
=550  \\$aOfficial publication of the European Association for Gastroenterology and Endoscopy, <Dec. 1991- >
=588  \\$aDescription based on: Vol. 26, issue 6 (June 2014) (journals.lww.com, viewed May 20, 2014).
=650  \0$aDigestive organs$xDiseases$vPeriodicals.
=650  \0$aLiver$xDiseases$vPeriodicals.
=650  \7$aDigestive organs$xDiseases.$2fast$0(OCoLC)fst00893593
=650  \7$aLiver$xDiseases.$2fast$0(OCoLC)fst01000640
=655  \7$aPeriodicals.$2fast$0(OCoLC)fst01411641
=710  2\$aEuropean Association of Gastroenterology and Endoscopy.
=776  0\$tEuropean journal of gastroenterology and hepatology$x0954-691X
=776  1\$tEuropean journal of gastroenterology & hepatology$x0954-691X
=852  41$aBritish Library$bSTI$jELD Digital store$3Volume 27:Issue 1(2015:Jan.)-***Previous issues available in print copy
=852  \\$aBritish Library$bDSC$j3829.729400$3Volume 34:Issue 10(2022)-
=856  \\$31850-9999$uhttp://journals.lww.com/pages/default.aspx$xBLDSS
=856  40$uhttp://ovidsp.ovid.com/ovidweb.cgi?T=JS&NEWS=n&CSC=Y&PAGE=toc&D=yrovft&AN=00042737-000000000-00000
=856  40$uhttp://www.eurojgh.com/
=856  40$uwww.eurojgh.com
=859  \\$aELD$bejournal
=945  \\$aEuropean journal of gastroenterology and hepatology.
=959  \\$fCurrently received
=985  \\$aISSN note: responsibility for ISSN transferred from UK ISSN Centre to U.S. ISSN Center under multinational publisher agreement, 15.05.14.
=CAT  \\$aCONV$b00$c20040425$lBLL90$h0850
=CAT  \\$aCONV$b00$c20040502$lBLL01$h1434
=CAT  \\$aglobal_upd$b40$c20060417$lBLL01$h1819
=CAT  \\$aBATCH$b00$c20091210$lBLL01$h0504
=CAT  \\$aBATCH$b00$c20091214$lBLL01$h0707
=CAT  \\$a11315$b40$c20140515$lBLL01$h1325
=CAT  \\$a8311$b40$c20150519$lBLL01$h1221
=CAT  \\$a3072$b40$c20150618$lBLL01$h1532
=CAT  \\$a3072$b40$c20150618$lBLL01$h1533
=CAT  \\$a3072$b40$c20150623$lBLL01$h1418
=CAT  \\$aBATCH-CLA$b00$c20150828$lBLL01$h1543
=CAT  \\$aIPL-CLA$c20150930$lBLL01$h1756
=CAT  \\$a5552$b40$c20160122$lBLL01$h1229
=CAT  \\$aBLDSS-3PM$b00$c20160201$lBLL01$h1812
=CAT  \\$aBATCH-UPD$b00$c20160217$lBLL01$h1711
=CAT  \\$aIPL-CLA$c20160331$lBLL01$h1715
=CAT  \\$aBATCH-UPD$b00$c20160413$lBLL01$h1813
=CAT  \\$aBATCH-UPD$b00$c20160524$lBLL01$h2155
=CAT  \\$aBATCH-UPD$b00$c20160524$lBLL01$h2240
=CAT  \\$a5552$b40$c20170523$lBLL01$h0901
=CAT  \\$aW1711-1005$c20171206$lBLL01$h1814
=CAT  \\$a12654$b40$c20210414$lBLL01$h0843
=CAT  \\$a12654$b40$c20210414$lBLL01$h0844
=CAT  \\$a8874$b40$c20230207$lBLL01$h0804
=CFI  0\$aCurrent copyright fee: GBP32.00$c20\0$e01-apr-2016$fGBP32.00$g0$hP$5Uk
=CFI  2\$aPrevious copyright fee: GBP30.32$c20\0$e22-jan-2016$fGBP30.32$g0$hP$5Uk
=FFP  \\$aY$bBLDSS-3PM
=FIN  \\$aY
=FMT  \\$a  SE
=LAS  \\$a8874$b40$c20230207$lBLL01$h0804
=LEO  \\$aMP22.0000066430
=LET  \0$aEuropean journal of gastroenterology & hepatology (Electronic)
=LKR  \\$aPAR$b007858714$lBLL01$m776$nEuropean journal of gastroenterology & hepatology
=MNI  \\$a0954-691X
=SRC  \\$aISN01$bbibmp22.200404.2.aa
=SRC  \\$aBLL02
=TCO  \\$aCLA$bCLA$c008
=TOC  \\$aETOC
=UNO  \\$aY

