=LDR  04881cas a2201105 a 4500
=001  011459778
=003  Uk
=005  20210329091356.0
=006  m\\\\\o\\d\\\\\\\\
=007  cr\cnu||||||||
=008  920619c19919999enkbr\p\o\\\\\0\\\a0eng\c
=010  \\$a  2011242001
=015  \\$aGBB569032$2bnb
=022  0\$a1473-5709$l0959-8278$21
=030  \\$aEJUPEK
=035  \\$a(OCoLC)252422269
=037  \\$aISSN_09598278$bPortico$nLippincott Williams & Wilkins
=040  \\$aLGG$beng$cLGG$dQE2$dMYG$dBUF$dOCLCQ$dOCLCF$dDLC$dUk
=042  \\$ansdp$aukblsr
=060  00$aW1$bEU72BAM
=082  10$a616.994052$223
=210  0\$aEur. j. cancer prev.$b(Online)
=222  \0$aEuropean journal of cancer prevention$b(Online)
=245  00$aEuropean journal of cancer prevention :$h[electronic resource]$bthe official journal of the European Cancer Prevention Organisation (ECP).
=260  \\$aOxford, UK :$bRapid Communications of Oxford,$cc1991-
=260  3\$3<2000- >:$a[Hagerstown, MD] :$bLippincott Williams & Wilkins
=310  \\$aBimonthly
=336  \\$atext$2rdacontent
=337  \\$acomputer$2rdamedia
=338  \\$aonline resource$2rdacarrier
=362  0\$aVol. 1, no. 1 (Oct. 1991)-
=500  \\$aTitle from cover.
=525  \\$aVols. accompanied by suppls. with distinctive titles.
=540  \\$aCurrent copyright fee: GBP32.00$c20\0$5Uk
=588  \\$aDescription based on print version record.
=588  \\$aLatest issue consulted: volume 24, issue 4 (July 2015)(lww.com Web site, viewed June 2, 2015).
=650  \0$aCancer$xPrevention$vPeriodicals.
=650  \2$aNeoplasms$xetiology$vPeriodicals.
=650  \2$aNeoplasms$xprevention & control$vPeriodicals.
=650  \7$aCancer$xPrevention.$2fast$0(OCoLC)fst00845452
=655  \7$aPeriodicals.$2fast$0(OCoLC)fst01411641
=710  2\$aEuropean Cancer Prevention Organisation.
=710  2\$aInternational Association of Cancer Registries.
=776  0\$tEuropean journal of cancer prevention$x0959-8278
=776  08$iPrint version:$tEuropean journal of cancer prevention$x0959-8278
=852  41$aBritish Library$bHMNTS$jELD Digital store$3Volume 24:Issue 1(2015:Jan.)-***Previous issues available in print copy
=852  \\$aBritish Library$bDSC$j3829.725400$3Volume 31:Issue 3(2022)-
=856  \\$31850-9999$uhttp://journals.lww.com$xBLDSS
=856  40$uhttp://journals.lww.com/eurjcancerprev/pages/default.aspx
=856  40$uhttp://mclink.library.mcgill.ca/sfx?url_ver=Z39.88-2004&ctx_ver=Z39.88-2004&ctx_enc=info:ofi/enc:UTF-8&rfr_id=info:sid/sfxit.com:opac_856&url_ctx_fmt=info:ofi/fmt:kev:mtx:ctx&sfx.ignore_date_threshold=1&rft.object_id=954925578081
=856  40$uhttp://ovidsp.ovid.com/ovidweb.cgi?T=JS&NEWS=n&CSC=Y&PAGE=toc&D=yrovft&AN=00008469-000000000-00000
=856  40$uhttp://www.eurjcancerprev.com/
=859  \\$aELD$bejournal
=945  \\$aEuropean journal of cancer prevention.
=959  \\$fCurrently received
=985  \\$aISSN responsibility transfered to US ISSN Center, 09.10.2014.
=CAT  \\$aCONV$b00$c20040425$lBLL90$h0850
=CAT  \\$aCONV$b00$c20040502$lBLL01$h1434
=CAT  \\$aglobal_upd$b40$c20060417$lBLL01$h1819
=CAT  \\$aBATCH$b00$c20091210$lBLL01$h0504
=CAT  \\$aBATCH$b00$c20091214$lBLL01$h0707
=CAT  \\$a10806$b40$c20141007$lBLL01$h0936
=CAT  \\$a11313$b40$c20141009$lBLL01$h1245
=CAT  \\$a8311$b40$c20150519$lBLL01$h1129
=CAT  \\$a8483$b40$c20150602$lBLL01$h1009
=CAT  \\$a8483$b40$c20150602$lBLL01$h1011
=CAT  \\$aBATCH-CLA$b00$c20150828$lBLL01$h1543
=CAT  \\$aIPL-CLA$c20150930$lBLL01$h1756
=CAT  \\$a5552$b40$c20160122$lBLL01$h1229
=CAT  \\$aBLDSS-3PM$b00$c20160201$lBLL01$h1812
=CAT  \\$aBATCH-UPD$b00$c20160217$lBLL01$h1711
=CAT  \\$aIPL-CLA$c20160331$lBLL01$h1715
=CAT  \\$aBATCH-UPD$b00$c20160413$lBLL01$h1813
=CAT  \\$aBATCH-UPD$b00$c20160524$lBLL01$h2155
=CAT  \\$aBATCH-UPD$b00$c20160524$lBLL01$h2240
=CAT  \\$aW1612-0243$c20161205$lBLL01$h1436
=CAT  \\$a5552$b40$c20170523$lBLL01$h1050
=CAT  \\$aW1711-1005$c20171206$lBLL01$h1814
=CAT  \\$a5552$b40$c20190322$lBLL01$h0823
=CAT  \\$a12654$b40$c20210329$lBLL01$h0913
=CFI  0\$aCurrent copyright fee: GBP32.00$c20\0$e01-apr-2016$fGBP32.00$g0$hP$5Uk
=CFI  2\$aPrevious copyright fee: GBP30.32$c20\0$e22-jan-2016$fGBP30.32$g0$hP$5Uk
=FFP  \\$aY$bBLDSS-3PM
=FIN  \\$aY
=FMT  \\$a  SE
=LAS  \\$a12654$b40$c20210329$lBLL01$h0913
=LEO  \\$aMP22.0000066432
=LET  \0$aEuropean journal of cancer prevention (Electronic)
=LKR  \\$aPAR$b008414712$lBLL01$r776$mEuropean journal of cancer prevention (Online)$nEuropean journal of cancer prevention
=MNI  \\$a0959-8278
=SID  \\$aZ39$bOCLC
=SRC  \\$aISN01$bbibmp22.200404.2.aa
=TCO  \\$aCLA$bCLA$c008
=TOC  \\$aETOC
=UNO  \\$aY

