=LDR  04533cas a2201069 a 4500
=001  011459782
=003  Uk
=005  20230201143738.0
=006  m\\\\\o\\d\\\\\\\\
=007  cr\|||||||||||
=008  970922c19909999enkmx\pso\\\\\0\\\a0eng\c
=010  \\$a  2008233951
=015  \\$aGBB566851$2bnb
=022  0\$a1473-5741
=035  \\$a(OCoLC)37662596
=037  \\$aISSN_09594973$bPortico$nLippincott Williams & Wilkins
=040  \\$aOCoLC$beng$cOCoLC$dOCoLC$dCoU-M$dOCoLC$dGU$dCtY$dGU$dMCM$dOCoLC$dNBuU$dOCoLC$dNIC$dDLC$dUk
=042  \\$aukblsr
=050  14$aRS431.A64
=060  \4$aW1$bAN859L
=082  04$a616.994061$223
=130  0\$aAnti-cancer drugs (Online)
=210  0\$aAnti-cancer drugs$b(Online)
=222  \0$aAnti-cancer drugs$b(Online)
=245  10$aAnti-cancer drugs$h[electronic resource].
=246  30$aAnticancer drugs
=260  \\$a[Oxford] :$bRapid Science Publishers
=260  3\$3<2000- >:$a[London] :$bLippincott Williams & Wilkins
=310  \\$aTen issues yearly
=336  \\$atext$2rdacontent
=337  \\$acomputer$2rdamedia
=338  \\$aonline resource$2rdacarrier
=362  1\$aPrint began with v. 1, no. 1 (Oct. 1990).
=525  \\$aHas supplements.
=538  \\$aMode of access: World Wide Web.
=540  \\$aCurrent copyright fee: GBP32.00$c20\0$5Uk
=588  \\$aDescription based on: Vol. 8, no. 1 (1997); title from journal information screen.
=588  \\$aLatest issue consulted: volume 26, issue 5 (June 2015) (Wolters Kluwer, viewed May 26, 2015).
=650  \0$aAntineoplastic agents$vPeriodicals.
=650  \0$aCancer$xChemotherapy$vPeriodicals.
=650  \2$aAntineoplastic Agents$xtherapeutic use$vPeriodicals.
=650  \2$aDrug Therapy$vPeriodicals.
=776  08$iPrint version:$tAnti-cancer drugs$x0959-4973
=852  41$aBritish Library$bSTI$jELD Digital store$3Volume 26:Issue 1(2015)-***Previous issues available in print copy
=852  \\$aBritish Library$bDSC$j1547.287300$3Volume 32:Issue 10(2021)-
=856  \\$31850-9999$uhttp://journals.lww.com/pages/default.aspx$xBLDSS
=856  4\$uhttp://firstsearch.oclc.org$zAddress for accessing the journal using authorization number and password through OCLC FirstSearch Electronic Collections Online
=856  40$uhttp://ovidsp.ovid.com/ovidweb.cgi?T=JS&NEWS=n&CSC=Y&PAGE=toc&D=yrovft&AN=00001813-000000000-00000
=856  40$uhttp://ovidsp.tx.ovid.com/spb/ovidweb.cgi
=856  40$uhttp://www.anti-cancerdrugs.com/
=859  \\$aELD$bejournal
=945  \\$aAnticancer drugs.
=959  \\$fCurrently received
=985  \\$aISSN note: responsibility for the ISSN transferred from the ISSN UK Centre to the US ISSN Center under a multinational publisher agreement, August 7, 2014.
=ACF  \\$aPrevious Copyright Fee: GBP30.00$c0$e01-jul-2015$fGBP30.00$g0$hC$5Uk
=CAT  \\$aCONV$b00$c20040425$lBLL90$h0850
=CAT  \\$aCONV$b00$c20040502$lBLL01$h1434
=CAT  \\$aglobal_upd$b40$c20060417$lBLL01$h1819
=CAT  \\$a6537$b40$c20090211$lBLL01$h1004
=CAT  \\$aBATCH$b00$c20091210$lBLL01$h0504
=CAT  \\$aBATCH$b00$c20091214$lBLL01$h0707
=CAT  \\$a11315$b40$c20140807$lBLL01$h0920
=CAT  \\$a10876$b40$c20150521$lBLL01$h0902
=CAT  \\$a11316$b40$c20150526$lBLL01$h1048
=CAT  \\$aBATCH-CLA$b00$c20150529$lBLL01$h1529
=CAT  \\$aIPL-CLA$c20150630$lBLL01$h1640
=CAT  \\$a5552$b40$c20151022$lBLL01$h1416
=CAT  \\$aBLDSS-3PM$b00$c20151106$lBLL01$h1627
=CAT  \\$aBATCH-UPD$b00$c20160217$lBLL01$h1711
=CAT  \\$aIPL-CLA$c20160331$lBLL01$h1715
=CAT  \\$aBATCH-UPD$b00$c20160413$lBLL01$h1813
=CAT  \\$aBATCH-UPD$b00$c20160519$lBLL01$h1002
=CAT  \\$aBATCH-UPD$b00$c20160524$lBLL01$h2155
=CAT  \\$a5552$b40$c20161122$lBLL01$h0911
=CAT  \\$aW1711-1005$c20171206$lBLL01$h1814
=CAT  \\$a12654$b40$c20210308$lBLL01$h1313
=CAT  \\$a8250$b40$c20230201$lBLL01$h1437
=CFI  0\$aCurrent copyright fee: GBP32.00$c20\0$e01-apr-2016$fGBP32.00$g0$hP$5Uk
=CFI  2\$aPrevious copyright fee: GBP30.32$c20\0$e22-oct-2015$fGBP30.32$g0$hP$5Uk
=FFP  \\$aY$bBLDSS-3PM
=FIN  \\$aY
=FMT  \\$a  SE
=LAS  \\$a8250$b40$c20230201$lBLL01$h1437
=LEO  \\$aMP22.0000066436
=LET  \0$aAnti-cancer drugs (Electronic)
=LKR  \\$aPAR$b010460986$lBLL01$nAnti-cancer drugs (Print)$mAnti-cancer drugs (Online)$r776
=MNI  \\$a0959-4973
=SRC  \\$aISN01$bbibmp22.200404.2.aa
=SRC  \\$aBLL02
=TCO  \\$aCLA$bCLA$c008
=TOC  \\$aETOC
=UNO  \\$aY

