=LDR  04461cas a2201045 a 4500
=001  011459788
=003  Uk
=005  20210422105423.0
=007  cr||||||||||||
=008  020422c20019999xxubr\p\o\\\\\0\\\a0eng\\
=010  \\$a  2011242021
=015  \\$aGBB592736$2bnb
=016  7\$a9106748$2DNLM
=016  7\$aSR0066388$2DNLM
=022  \\$a1473-5873$y0955-8829
=030  \\$aPSGEEX
=035  \\$a(OCoLC)37775662
=037  \\$aISSN_09558829$bPortico$nLippincott Williams & Wilkins
=040  \\$aOCoLC$beng$cOCoLC$dOCoLC$dPPiU-H$dOCoLC$dMCM$dOCoLC$dOCLCF$dDLC$dCaQMM$dOCoLC$dOC$dDLC$dUk
=042  \\$aukblsr
=050  \4$aRC455.4.G4
=060  00$aW1$bPS256T
=082  04$a616.89042$223
=130  0\$aPsychiatric genetics (Online)
=210  0\$aPsychiatr. genet.$b(Online)
=222  \0$aPsychiatric genetics$b(Online)
=245  10$aPsychiatric genetics$h[electronic resource].
=260  \\$a[London] :$b[Clinical Neuroscience Publishers] ;$a[Colchester, Essex, UK] :$b[Distributed by Portland Press]
=260  3\$3<2011>- :$aHagerstown, MD :$bLippincott, Williams & Wilkins
=300  \\$billustrations (black and white)
=310  \\$aBimonthly,$b2006-
=321  \\$aQuarterly,$b-2005
=336  \\$atext$2rdacontent
=337  \\$acomputer$2rdamedia
=338  \\$aonline resource$2rdacarrier
=362  1\$aPrint began with v. 1, no. 1 (1990).
=500  \\$a"Wolters Kluwer Health, Inc."
=540  \\$aCurrent copyright fee: GBP32.00$c20\0$5Uk
=588  \\$aDescription based on print version record.
=588  \\$aLatest issue consulted: volume 25, number 2 (April 2015) (publisher's website, viewed July 8, 2015).
=650  \0$aMental illness$xGenetic aspects$vPeriodicals.
=655  \7$aPeriodicals.$2fast
=776  08$iPrint version:$tPsychiatric genetics$x0955-8829
=852  41$aBritish Library$bSTI$jELD Digital store$3Volume 25:Number 1(2015:Feb.)-
=852  \\$aBritish Library$bDSC$j6946.214050$3Volume 31:Issue 1(2021)-
=856  \\$31850-9999$uhttp://journals.lww.com/pages/default.aspx$xBLDSS
=856  4\$uhttp://firstsearch.oclc.org$zAddress for accessing the journal using authorization number and password through OCLC FirstSearch Electronic Collections Online
=856  4\$uhttp://firstsearch.oclc.org/journal=0955-8829;screen=info;ECOIP$zAddress for accessing the journal from an authorized IP address through OCLC FirstSearch Electronic Collections Online
=856  40$uhttp://journals.lww.com/psychgenetics/pages/default.aspx
=856  40$uhttp://ovidsp.ovid.com/ovidweb.cgi?T=JS&NEWS=n&CSC=Y&PAGE=toc&D=yrovft&AN=00041444-000000000-00000
=859  \\$aELD$bejournal
=945  \\$aPsychiatric genetics.
=959  \\$fCurrently received
=985  \\$aISSN responsibility transfered to US ISSN Center, 09.10.2014.
=CAT  \\$aCONV$b00$c20040425$lBLL90$h0850
=CAT  \\$aCONV$b00$c20040502$lBLL01$h1434
=CAT  \\$aglobal_upd$b40$c20060417$lBLL01$h1819
=CAT  \\$a8874$b40$c20081128$lBLL01$h1309
=CAT  \\$aBATCH$b00$c20091210$lBLL01$h0504
=CAT  \\$aBATCH$b00$c20091214$lBLL01$h0707
=CAT  \\$a10806$b40$c20141007$lBLL01$h1124
=CAT  \\$a11313$b40$c20141009$lBLL01$h1257
=CAT  \\$a10902$b40$c20150529$lBLL01$h0904
=CAT  \\$a8323$b40$c20150708$lBLL01$h0927
=CAT  \\$aBATCH-CLA$b00$c20150828$lBLL01$h1543
=CAT  \\$aIPL-CLA$c20150930$lBLL01$h1756
=CAT  \\$a5552$b40$c20160122$lBLL01$h1218
=CAT  \\$aBLDSS-3PM$b00$c20160201$lBLL01$h1812
=CAT  \\$aBATCH-UPD$b00$c20160217$lBLL01$h1711
=CAT  \\$aIPL-CLA$c20160331$lBLL01$h1715
=CAT  \\$aBATCH-UPD$b00$c20160413$lBLL01$h1813
=CAT  \\$aBATCH-UPD$b00$c20160524$lBLL01$h2155
=CAT  \\$aBATCH-UPD$b00$c20160524$lBLL01$h2240
=CAT  \\$a5552$b40$c20170224$lBLL01$h1423
=CAT  \\$aW1711-1005$c20171206$lBLL01$h1814
=CAT  \\$a12654$b40$c20210422$lBLL01$h1054
=CFI  0\$aCurrent copyright fee: GBP32.00$c20\0$e01-apr-2016$fGBP32.00$g0$hP$5Uk
=CFI  2\$aPrevious copyright fee: GBP30.32$c20\0$e19-jan-2016$fGBP30.32$g0$hP$5Uk
=FFP  \\$aY$bBLDSS-3PM
=FIN  \\$aY
=FMT  \\$a  SE
=LAS  \\$a12654$b40$c20210422$lBLL01$h1054
=LEO  \\$aMP22.0000066445
=LKR  \\$aPAR$b008412378$lBLL01$nPsychiatric genetics (Print)$mPsychiatric genetics (Online)$r776
=MNI  \\$a0955-8829
=SRC  \\$aISN01$bbibmp22.200404.2.aa
=SRC  \\$aBLL02
=TCO  \\$aCLA$bCLA$c008
=TOC  \\$aETOC
=UNO  \\$aY

