=LDR  04674cas a2201117 a 4500
=001  011459819
=003  Uk
=005  20210324101954.0
=006  m\\\\\o\\d\\\\\\\\
=007  cr\|||||||||||
=008  970514c19919999enkbr\pso\\\\\0\\\a0eng\c
=010  \\$a  2001214010
=015  \\$aGBB564324$2bnb
=022  0\$a1473-6586$y0963-0643
=030  \\$aCUOUEQ
=035  \\$a(OCoLC)36904009
=037  \\$aISSN_09630643$bPortico$nLippincott Williams & Wilkins
=040  \\$aOCoLC$beng$cOCoLC$dOCoLC$dNSDP$dOCoLC$dMCM$dNBuU$dFFQ$dDLC$dCaQMM$dOCoLC$dUk
=042  \\$aukblsr
=050  \4$aRC870
=060  \4$aW1$bCU799GII
=082  04$a616.6005$223
=130  0\$aCurrent opinion in urology (Online)
=210  0\$aCurr. opin. urol.$b(Online)
=222  \0$aCurrent opinion in urology$b(Online)
=245  10$aCurrent opinion in urology$h[electronic resource].
=260  \\$aLondon, UK :$bCurrent Science Ltd.,$cc1991-
=260  2\$3<-1999> :$a[Oxford] :$bRapid Science Publishers
=260  3\$3<2000-> :$a[London] :$bLippincott Williams & Wilkins
=310  \\$aBimonthly
=336  \\$atext$2rdacontent
=337  \\$acomputer$2rdamedia
=338  \\$aonline resource$2rdacarrier
=362  1\$aBegan with v. 1, issue 1 (Oct. 1991).
=538  \\$aMode of access: World Wide Web.
=540  \\$aCurrent copyright fee: GBP32.00$c20\0$5Uk
=588  \\$aDescription based on: Vol. 5, no. 1 (1995); title from journal information screen.
=588  \\$aLatest issue consulted: volume 25, issue 3 (May 2015) (Wolters Kluwer Health, viewed May 19, 2015).
=650  \0$aUrology$vPeriodicals.
=650  \2$aReview Literature$vBibliography.
=650  \2$aReview Literature$vPeriodicals.
=650  \2$aMale Urogenital Diseases$vBibliography.
=650  \2$aMale Urogenital Diseases$vPeriodicals.
=650  \2$aFemale Urogenital Diseases$vBibliography.
=650  \2$aFemale Urogenital Diseases$vPeriodicals.
=650  \2$aUrologic Diseases$vBibliography.
=650  \2$aUrologic Diseases$vPeriodicals.
=655  \2$aPeriodicals.
=776  08$iPrint version:$tCurrent opinion in urology$x0963-0643
=852  41$aBritish Library$bSTI$jELD Digital store$3Volume 25:Issue 1(2015:Jan.)-
=852  \\$aBritish Library$bDSC$j3500.779500$3Volume 32:Issue 3(2022)-
=856  \\$31850-9999$uhttp://journals.lww.com/pages/default.aspx$xBLDSS
=856  4\$uhttp://firstsearch.oclc.org$zAddress for accessing the journal using authorization number and password through OCLC FirstSearch Electronic Collections Online
=856  40$uhttp://ovidsp.ovid.com/ovidweb.cgi?T=JS&NEWS=n&CSC=Y&PAGE=toc&D=yrovft&AN=00042307-000000000-00000
=856  40$uhttp://www.co-urology.com
=856  40$uhttp://www.co-urology.com/
=859  \\$aELD$bejournal
=945  \\$aCurrent opinion in urology.
=959  \\$fCurrently received
=985  \\$aISSN responsibility change in progress 15/5/2015. ISSN 1535-2307 still free on Portal. ?Double assignment.
=CAT  \\$aCONV$b00$c20040425$lBLL90$h0850
=CAT  \\$aCONV$b00$c20040502$lBLL01$h1434
=CAT  \\$aglobal_upd$b40$c20060417$lBLL01$h1819
=CAT  \\$a6537$b40$c20090211$lBLL01$h1211
=CAT  \\$aBATCH$b00$c20091210$lBLL01$h0504
=CAT  \\$aBATCH$b00$c20091214$lBLL01$h0707
=CAT  \\$a11316$b40$c20150515$lBLL01$h1358
=CAT  \\$a8411$b40$c20150518$lBLL01$h1321
=CAT  \\$a11316$b40$c20150519$lBLL01$h1456
=CAT  \\$aBATCH-CLA$b00$c20150529$lBLL01$h1529
=CAT  \\$aIPL-CLA$c20150630$lBLL01$h1640
=CAT  \\$a5552$b40$c20160122$lBLL01$h1215
=CAT  \\$aBLDSS-3PM$b00$c20160201$lBLL01$h1812
=CAT  \\$aBATCH-UPD$b00$c20160217$lBLL01$h1711
=CAT  \\$aWR16_048$c20160322$lBLL01$h1613
=CAT  \\$aIPL-CLA$c20160331$lBLL01$h1715
=CAT  \\$aBATCH-UPD$b00$c20160413$lBLL01$h1813
=CAT  \\$aBATCH-UPD$b00$c20160524$lBLL01$h2155
=CAT  \\$aBATCH-UPD$b00$c20160524$lBLL01$h2240
=CAT  \\$a5552$b40$c20170127$lBLL01$h1547
=CAT  \\$aW1711-1005$c20171206$lBLL01$h1814
=CAT  \\$a12654$b40$c20210324$lBLL01$h1019
=CFI  0\$aCurrent copyright fee: GBP32.00$c20\0$e01-apr-2016$fGBP32.00$g0$hP$5Uk
=CFI  2\$aPrevious copyright fee: GBP30.32$c20\0$e19-jan-2016$fGBP30.32$g0$hP$5Uk
=FFP  \\$aY$bBLDSS-3PM
=FIN  \\$aY
=FMT  \\$a  SE
=LAS  \\$a12654$b40$c20210324$lBLL01$h1019
=LEO  \\$aMP22.0000066503
=LET  \0$aCurrent opinion in urology (Elelctronic)
=LKR  \\$aPAR$b008413782$lBLL01$nCurrent opinion in urology (Print)$mCurrent opinion in urology (Online)$r776
=SRC  \\$aISN01$bbibmp22.200404.2.aa
=SRC  \\$aBLL02
=TCO  \\$aCLA$bCLA$c008
=TOC  \\$aETOC
=UNO  \\$aY

