=LDR  06543cas a2201405 a 4500
=001  011482934
=003  Uk
=005  20230210005725.0
=007  ta
=008  040126c20039999enkar\\\\\r\\\0\\\a0eng\\
=015  \\$aGBA409515$2bnb
=019  y\$abA409515
=019  9\$abA409515
=019  0\$as693439009
=022  0\$a1740-0147
=039  0\$a2777
=040  \\$aUk$beng$cUk$dUk
=082  04$a915.4$222
=210  0\$aSouth Asia$b(Lond.)
=222  \0$aSouth Asia$b(London)
=245  00$aSouth Asia.
=260  \\$aLondon :$bEuropa,$c2003-
=260  3\$aAbingdon :$bRoutledge
=300  \\$av. :$bcol. maps ;$c29 cm.
=310  \\$aAnnual
=336  \\$atext$2rdacontent
=337  \\$aunmediated$2rdamedia
=338  \\$avolume$2rdacarrier
=362  0\$a1st ed. (2004)-
=490  1\$aRegional surveys of the world
=490  1\$aEuropa Regional surveys of the world
=540  \\$aCurrent Copyright Fee: GBP18.02$c0$5Uk
=588  \\$aLatest issue consulted: 16th edition (2019).
=598  \\$aNON CURRENT TITLE SINGLE ISSUE ORDER 3RD EDITION (2005) ONLY
=651  \0$aSouth Asia$vPeriodicals.
=651  \0$aSouth Asia$xEconomic conditions$vPeriodicals.
=651  \0$aSouth Asia$xPolitics and government$vPeriodicals.
=651  \0$aSouth Asia$vDirectories.
=780  01$tFar East and Australasia$x0071-3791
=830  \0$aRegional surveys of the world.
=852  71$aBritish Library$bSTI$cRES$k(XP)$hAA 654$m-E(100)$2blsrissc$32004-***Earlier issues
=852  41$aBritish Library$bHMNTS$cSPHOA$kOPL$h954.03$3Ed.3, 2006
=852  41$aBritish Library$bDSC$j8348.564750$32006
=852  11$aBritish Library$bSTI$cBIPC$k(B) DIR$h915.4$mBusiness$3Title now taken as electronic only***Current issue
=945  \\$aSouth Asia -Europa-
=959  \\$fHeld but not currently received
=985  \\$aISSN UK Centre note: responsibility transferred to US Center 30.10.19 (multinational publisher).
=ACF  \\$aPrevious Copyright Fee: GBP18.02$c0$e01-apr-2012$fGBP18.02$g0$hC$5Uk
=ACF  \\$aPrevious Copyright Fee: GBP18.02$c0$e01-jan-2012$fGBP18.02$g0$hC$5Uk
=ACF  \\$aPrevious Copyright Fee: GBP18.02$c0$e01-oct-2011$fGBP18.02$g0$hC$5Uk
=ACF  \\$aPrevious Copyright Fee: GBP18.02$c0$e01-jul-2011$fGBP18.02$g0$hC$5Uk
=ACF  \\$aPrevious Copyright Fee: GBP18.02$c0$e01-apr-2011$fGBP18.02$g0$hC$5Uk
=ACF  \\$aPrevious Copyright Fee: GBP18.02$c0$e01-jan-2011$fGBP18.02$g0$hC$5Uk
=ACF  \\$aPrevious Copyright Fee: GBP18.02$c0$e01-oct-2010$fGBP18.02$g0$hC$5Uk
=ACF  \\$aPrevious Copyright Fee: GBP18.02$c0$e01-jul-2010$fGBP18.02$g0$hC$5Uk
=ACF  \\$aPrevious Copyright Fee: GBP18.02$c0$e01-apr-2010$fGBP18.02$g0$hC$5Uk
=ACF  \\$aPrevious Copyright Fee: GBP15.00$c0$e01-Jan-2010$fGBP15.00$g0$hC$5Uk
=ACF  \\$aPrevious Copyright Fee: GBP15.00$c0$e01-oct-2009$fGBP15.00$g0$hC$5Uk
=ACF  \\$aPrevious Copyright Fee: GBP15.00$c0$e01-jul-2009$fGBP15.00$g0$hC$5Uk
=ACF  \\$aPrevious Copyright Fee: GBP15.00$c0$e01-apr-2009$fGBP15.00$g0$hC$5Uk
=ACF  \\$aPrevious Copyright Fee: GBP15.00$c0$e01-jan-2009$fGBP15.00$g0$hC$5Uk
=ACF  \\$aPrevious Copyright Fee: GBP13.00$c0$e01-oct-2008$fGBP13.00$g0$hC$5Uk
=ACF  \\$aPrevious Copyright Fee: GBP15.00$c0$e01-jul-2008$fGBP15.00$g0$hC$5Uk
=ACF  \\$aPrevious Copyright Fee: GBP15.00$c0$e01-apr-2008$fGBP15.00$g0$hC$5Uk
=ACF  \\$aPrevious Copyright Fee: GBP15.00$c0$e01-jan-2008$fGBP15.00$g0$hC$5Uk
=ACF  \\$aPrevious Copyright Fee: GBP15.00$c0$e01-oct-2007$fGBP15.00$g0$hC$5Uk
=ACF  \\$aPrevious Copyright Fee: GBP15.00$c0$e01-jul-2007$fGBP15.00$g0$hC$5Uk
=ACF  \\$aPrevious Copyright Fee: GBP15.00$c0$e01-apr-2007$fGBP15.00$g0$hC$5Uk
=ACF  \\$aPrevious Copyright Fee: GBP15.00$c0$e01-jan-2007$fGBP15.00$g0$hC$5Uk
=ACF  \\$aPrevious Copyright Fee: GBP15.00$c0$e01-oct-2006$fGBP15.00$g0$hC$5Uk
=ACF  \\$aPrevious Copyright Fee: GBP15.00$c0$e01-jul-2006$fGBP15.00$g0$hC$5Uk
=ACF  \\$aPrevious Copyright Fee: GBP15.00$c0$e01-apr-2006$fGBP15.00$g0$hC$5Uk
=ACF  \\$aPrevious Copyright Fee: GBP15.00$c0$e01-jan-2006$fGBP15.00$g0$hC$5Uk
=ACF  \\$aPrevious Copyright Fee: GBP15.00$c0$e01-oct-2005$fGBP15.00$g0$hC$5Uk
=ACF  \\$aPrevious Copyright Fee: GBP15.00$c0$e01-jul-2005$fGBP15.00$g0$hC$5Uk
=ACF  \\$aPrevious Copyright Fee: GBP15.00$c0$e01-apr-2005$fGBP15.00$g0$hC$5Uk
=ACF  \\$aPrevious Copyright Fee: GBP15.00$c0$e01-jan-2005$fGBP15.00$g0$hC$5Uk
=ACF  \\$aPrevious Copyright Fee: GBP18.02$c0$e01-jul-2012$fGBP18.02$g0$hC$5Uk
=ACF  \\$aPrevious Copyright Fee: GBP18.02$c0$e01-oct-2012$fGBP18.02$g0$hC$5Uk
=CAT  \\$aWR09-126
=CAT  \\$aIPL-CLA$c20101231$lBLL01$h1426
=CAT  \\$aBATCH-CLA$b00$c20110228$lBLL01$h1550
=CAT  \\$aIPL-CLA$c20110331$lBLL01$h1455
=CAT  \\$aBATCH-CLA$b00$c20110531$lBLL01$h1646
=CAT  \\$aIPL-CLA$c20110630$lBLL01$h1535
=CAT  \\$aBATCH-CLA$b00$c20110831$lBLL01$h1807
=CAT  \\$aIPL-CLA$c20110930$lBLL01$h1537
=CAT  \\$aBATCH-CLA$b00$c20111130$lBLL01$h1216
=CAT  \\$aIPL-CLA$c20111230$lBLL01$h1930
=CAT  \\$aBATCH-CLA$b00$c20120229$lBLL01$h1631
=CAT  \\$aIPL-CLA$c20120330$lBLL01$h1424
=CAT  \\$aBATCH-CLA$b00$c20120531$lBLL01$h1721
=CAT  \\$aIPL-CLA$c20120629$lBLL01$h1022
=CAT  \\$aBATCH-CLA$b00$c20120831$lBLL01$h1549
=CAT  \\$aIPL-CLA$c20120930$lBLL01$h2101
=CAT  \\$a8323$b40$c20121029$lBLL01$h1346
=CAT  \\$a8323$b40$c20121029$lBLL01$h1347
=CAT  \\$aBATCH-CLA$b00$c20121108$lBLL01$h1736
=CAT  \\$a8456$b40$c20130514$lBLL01$h1537
=CAT  \\$a10973$b40$c20191022$lBLL01$h1244
=CAT  \\$a10973$b40$c20191023$lBLL01$h1210
=CAT  \\$a10973$b40$c20191023$lBLL01$h1401
=CAT  \\$a10973$b40$c20191030$lBLL01$h0745
=CAT  \\$aBATCH-CLA$b00$c20221130$lBLL01$h1439
=CAT  \\$aIPL-CLA$c20221231$lBLL01$h2015
=CAT  \\$aBATCH-CLA$b00$c20230209$lBLL01$h1526
=CAT  \\$aIPL-CLA$c20230210$lBLL01$h0057
=CFI  0\$aCurrent Copyright Fee: GBP18.02$c0$e09-feb-2023$fGBP18.02$g0$hC$5Uk
=CFI  2\$aBritish Library not licensed to copy$c0$e01-jan-2023$hC$iCFP Excluded$5Uk
=FIN  \\$aY
=FMT  \\$a  SE
=LAS  \\$aIPL-CLA$b00$c20230210$lBLL01$h0057
=LEO  \\$aMP25.0000370146
=LEO  \\$aMP5.0000029263
=LEO  \\$aMP22.0000070714
=SRC  \\$aDSS03$bbibsr.200404.2.aa
=SRC  \\$aISN01$bbibmp22.200404.2.aa
=SRC  \\$aBNB03$bbibmp5.200404.2.aa
=SRC  \\$aSRI01$bbibmp25.200404.2.aa
=TCO  \\$aCLA$bCLA$c008

