=LDR  05405cas a2201237 a 4500
=001  011632459
=003  Uk
=005  20220106134950.0
=007  ta
=008  820519c19829999enkmn\p\\\\\\\0\\\a0eng\\
=015  \\$aGB8218729$2bnb
=019  y\$aB8218729
=019  9\$ab8218729
=019  c\$a2212275
=019  0\$as116822015
=022  \\$a0262-1762
=039  0\$a1693
=040  \\$aUk$cUk$dUk
=050  00$aTJ899
=082  04$a621.69$221
=084  \\$aSJ 57$2blsrissc
=210  0\$aWorld pumps
=222  \0$aWorld pumps
=245  00$aWorld pumps :$ban international technical review of pumps and their applications : une revue technique internationale des pompes et de leurs applications : internationale technische Zeitschrift für Pumpen und ihre Anwendungen /$cEuropump.
=246  1\$iChange of subtitle:$aWorld pumps :$ban international magazine for pump users,$f<Dec. 2014- >
=260  \\$aMorden :$bTrade & Technical Press,$c1982-
=264  31$aOxford, UK :$bElsevier in liaison with Europump
=300  \\$billustrations (black and white, and colour) ;$c30 cm
=310  \\$aMonthly (July and Aug. combined),$b2011-
=321  \\$aMonthly,$b-2010
=336  \\$atext$2rdacontent
=337  \\$aunmediated$2rdamedia
=338  \\$avolume$2rdacarrier
=362  0\$aNo. 1 (1982)-
=540  \\$aCurrent copyright fee: GBP34.30$c5\1$5Uk
=546  \\$aText in English, with summaries in French and German, 1982- ; English only, <Dec. 2014>-
=550  \\$aOrgan of the European Committee of Pump Manufacturers, 1982-
=588  \\$aLatest issue consulted: number 575 (December 2014).
=595  \\$aFORMERLY 7160.210 UP TO NO. 183, 1981 SEE ALSO CARD INDEX.
=650  \0$aPumping machinery$vPeriodicals.
=710  2\$aEuropean Association for Pump Manufacturers,$eissuing body.
=710  2\$aEuropean Committee of Pump Manufacturers,$eissuing body.
=770  0\$tWorking with water
=776  08$iAlso issued online as:$tWorld pumps (Online)$x1873-2593
=780  00$tPumps & their applications$x0141-4283
=852  41$aBritish Library$bDSC$j9358.500000$3No. 1 (1982)-no. 519 (2009)***UKRR Retained Title***Stock Incomplete
=852  71$aBritish Library$bSTI$k(P)$hSJ 57$m-E(1)$2blsrissc$31982-Mar. (2015)***Title now taken as electronic copy only
=852  71$aBritish Library$bSTI$k(TP)$hSJ 57$m-E(1)$2blsrissc$3Accompanying CD-ROMs
=856  \\$31850-9999$uhttp://www.elsevier.com/journals$xBLDSS
=945  \\$aWORLD PUMPS
=959  \\$fHeld but not currently received
=963  \\$aNO. 184, 1982- *A=1$bN$cL428.B.197
=985  \\$aISSN responsibility transfer from NE pending. This print record will be closed and sent to Portal when transfer complete (Richard, 04/01/22)
=A02  \\$a2212275
=ACF  \\$aPrevious copyright fee: GBP19.00$c5\5$e01-jan-2008$fGBP19.00$g0$hP$5Uk
=ACF  \\$aPrevious copyright fee: GBP18.00$c5\5$e01-apr-2004$fGBP18.00$g0$hP$5Uk
=ACF  \\$aCurrent copyright fee: GBP20.00$c5\5$e01-jan-2003$fGBP20.00$g0$hP$5Uk
=ACF  \\$aCurrent copyright fee: GBP15.00$c5\5$e01-jul-2002$fGBP15.00$g0$hP$5Uk
=ACF  \\$aPrevious copyright fee: GBP20.00$c5\1$e01-jan-2009$fGBP20.00$g0$hP$5Uk
=ACF  \\$aPrevious copyright fee: GBP21.00$c5\1$e01-jan-2012$fGBP21.00$g0$hP$5Uk
=ACF  \\$aPrevious copyright fee: GBP22.50$c5\1$e01-jan-2013$fGBP22.50$g0$hP$5Uk
=ACF  \\$aPrevious copyright fee: GBP23.40$c5\1$e01-jan-2018$fGBP23.40$g0$hP$5Uk
=CAT  \\$aWR09-126
=CAT  \\$aBATCH$b00$c20091214$lBLL01$h0740
=CAT  \\$aBATCH$b00$c20091216$lBLL01$h0200
=CAT  \\$a8874$b40$c20100819$lBLL01$h1133
=CAT  \\$aWR11_155$c20111021$lBLL01$h1325
=CAT  \\$aWR11_155$c20111114$lBLL01$h1646
=CAT  \\$aBATCH-UPD$b00$c20111123$lBLL01$h1851
=CAT  \\$aIPL-CLA$c20111230$lBLL01$h1930
=CAT  \\$aBATCH-UPD$b00$c20120614$lBLL01$h2118
=CAT  \\$aBATCH-CLA$b00$c20121108$lBLL01$h1736
=CAT  \\$aBATCH-UPD$b00$c20121121$lBLL01$h1654
=CAT  \\$aIPL-CLA$c20121231$lBLL01$h1303
=CAT  \\$aIPL-CLA$c20130102$lBLL01$h1716
=CAT  \\$aWR13.005$c20130322$lBLL01$h1954
=CAT  \\$aWR14_140$c20140905$lBLL01$h1751
=CAT  \\$aBLDSS-3PM$b00$c20141222$lBLL01$h1712
=CAT  \\$a8323$b40$c20141229$lBLL01$h1442
=CAT  \\$a5997$b40$c20150421$lBLL01$h0734
=CAT  \\$aBATCH-UPD$b40$c20160413$lBLL01$h1813
=CAT  \\$aBATCH-UPD$b40$c20170304$lBLL01$h1110
=CAT  \\$aBATCH-UPD$b40$c20171121$lBLL01$h1741
=CAT  \\$aIPL-CLA$c20171231$lBLL01$h1547
=CAT  \\$aBATCH-UPD$b00$c20190521$lBLL01$h1433
=CAT  \\$aIPL-CLA$c20190630$lBLL01$h1530
=CAT  \\$aBATCH-UPD$b00$c20211119$lBLL01$h1551
=CAT  \\$aIPL-CLA$c20211231$lBLL01$h1540
=CAT  \\$a10806$b40$c20220106$lBLL01$h1349
=CFI  0\$aCurrent copyright fee: GBP34.30$c5\1$e01-jan-2022$fGBP34.30$g0$hP$5Uk
=CFI  2\$aPrevious copyright fee: GBP32.84$c5\1$e01-jul-2019$fGBP32.84$g0$hP$5Uk
=EST  \\$a2
=FFP  \\$aY$bBLDSS-3PM
=FIN  \\$aY
=FMT  \\$a  SE
=LAS  \\$a10806$b40$c20220106$lBLL01$h1349
=LEO  \\$aMP5.0000521839
=LEO  \\$aMP10.0000619153
=LEO  \\$aMP22.0000010119
=LEO  \\$aMP25.0000025921
=SRC  \\$aBNB03$bbibmp5.200404.2.aa
=SRC  \\$aDSS01$bbibmp10.200404.2.aa
=SRC  \\$aISN01$bbibmp22.200404.2.aa
=SRC  \\$aSRI01$bbibmp25.200404.2.aa
=TCO  \\$aCLA$bCLA$c008
=TOC  \\$aETOC

