=LDR  06873cas a2201489 a 4500
=001  011648925
=003  Uk
=005  20230719120052.0
=006  aab\\|||||||||||||
=007  ta
=008  011016d20012018enkbr\p\\\\\\\0\\\a0eng\\
=015  \\$aGBA124366$2bnb
=019  y\$abA124366
=019  9\$abA124366
=019  0\$as666333009
=019  c\$a2603164
=022  \\$y1606-9749$z1474-3876
=039  0\$a2638
=040  \\$aUk$beng$cUk$dUk
=042  \\$aukblsr
=082  04$a628.1$221
=084  \\$aSL 40$2blsrissc
=245  00$aWater science & technology, water supply.
=246  3\$aWater science and technology: Water supply
=260  \\$aLondon :$bIWA Publishing,$c2001-[2018]
=300  \\$a18 v. :$bill., maps ;$c25 cm.
=310  \\$aSix issues yearly
=336  \\$atext$2rdacontent
=337  \\$aunmediated$2rdamedia
=338  \\$avolume$2rdacarrier
=362  0\$aVol. 1, no. 1 (2001)-
=362  1\$aCeased with volume 18, number 5-6 (2018).
=500  \\$aSelected IWA conference proceedings.
=540  \\$aCurrent Copyright Fee: GBP13.35$c0$5Uk
=580  \\$aAbsorbed: Water supply.
=595  \\$aABSORBS 9275.68 SEE ALSO CARD INDEX.
=597  \\$aEnhanced$bSRIS DDC
=650  \0$aWater-supply$vPeriodicals.
=650  \0$aWater-supply engineering$vPeriodicals.
=650  \0$aWater$xPurification$vPeriodicals.
=710  2\$aInternational Water Association.
=730  0\$aWater supply,$x0735-1917.
=780  15$tWater supply$x0735-1917
=785  00$tWater supply (London, England : 2019)
=852  71$aBritish Library$bSTI$k(P)$hSL 40$m-E(46)$2blsrissc$32001-Vol. 18, issue 5/6 (2018)
=852  41$aBritish Library$bDSC$j9275.445200$3Vol. 1, no. 1 (2001)-v. 15, no. 6 (2015)***UKRR Retained Title
=945  \\$aWATER SCIENCE AND TECHNOLOGY -WATER SUPPLY-
=957  \\$a010205c
=959  \\$fHeld but not currently received
=985  \\$aISSN International Centre took responsibility for ISSN 28.2.05
=ACF  \\$aPrevious Copyright Fee: GBP13.35$c0$e01-apr-2012$fGBP13.35$g0$hC$5Uk
=ACF  \\$aPrevious Copyright Fee: GBP13.35$c0$e01-jan-2012$fGBP13.35$g0$hC$5Uk
=ACF  \\$aPrevious Copyright Fee: GBP13.35$c0$e01-oct-2011$fGBP13.35$g0$hC$5Uk
=ACF  \\$aPrevious Copyright Fee: GBP13.35$c0$e01-jul-2011$fGBP13.35$g0$hC$5Uk
=ACF  \\$aPrevious Copyright Fee: GBP13.35$c0$e01-apr-2011$fGBP13.35$g0$hC$5Uk
=ACF  \\$aPrevious Copyright Fee: GBP13.35$c0$e01-jan-2011$fGBP13.35$g0$hC$5Uk
=ACF  \\$aPrevious Copyright Fee: GBP13.35$c0$e01-oct-2010$fGBP13.35$g0$hC$5Uk
=ACF  \\$aPrevious Copyright Fee: GBP13.35$c0$e01-jul-2010$fGBP13.35$g0$hC$5Uk
=ACF  \\$aPrevious Copyright Fee: GBP13.35$c0$e01-apr-2010$fGBP13.35$g0$hC$5Uk
=ACF  \\$aPrevious Copyright Fee: GBP13.35$c0$e01-Jan-2010$fGBP13.35$g0$hC$5Uk
=ACF  \\$aPrevious Copyright Fee: GBP13.35$c0$e01-oct-2009$fGBP13.35$g0$hC$5Uk
=ACF  \\$aPrevious Copyright Fee: GBP13.35$c0$e01-jul-2009$fGBP13.35$g0$hC$5Uk
=ACF  \\$aPrevious Copyright Fee: GBP13.35$c0$e01-apr-2009$fGBP13.35$g0$hC$5Uk
=ACF  \\$aPrevious Copyright Fee: GBP13.35$c0$e01-jan-2009$fGBP13.35$g0$hC$5Uk
=ACF  \\$aPrevious Copyright Fee: GBP13.35$c0$e01-oct-2008$fGBP13.35$g0$hC$5Uk
=ACF  \\$aPrevious Copyright Fee: GBP13.35$c0$e01-jul-2008$fGBP13.35$g0$hC$5Uk
=ACF  \\$aPrevious Copyright Fee: GBP13.35$c0$e01-apr-2008$fGBP13.35$g0$hC$5Uk
=ACF  \\$aPrevious Copyright Fee: GBP13.35$c0$e01-jan-2008$fGBP13.35$g0$hC$5Uk
=ACF  \\$aPrevious Copyright Fee: GBP13.35$c0$e01-oct-2007$fGBP13.35$g0$hC$5Uk
=ACF  \\$aPrevious Copyright Fee: GBP13.35$c0$e01-jul-2007$fGBP13.35$g0$hC$5Uk
=ACF  \\$aPrevious Copyright Fee: GBP13.35$c0$e01-apr-2007$fGBP13.35$g0$hC$5Uk
=ACF  \\$aPrevious Copyright Fee: GBP13.35$c0$e01-jan-2007$fGBP13.35$g0$hC$5Uk
=ACF  \\$aPrevious Copyright Fee: GBP13.35$c0$e01-oct-2006$fGBP13.35$g0$hC$5Uk
=ACF  \\$aPrevious Copyright Fee: GBP13.35$c0$e01-jul-2006$fGBP13.35$g0$hC$5Uk
=ACF  \\$aPrevious Copyright Fee: GBP13.35$c0$e01-apr-2006$fGBP13.35$g0$hC$5Uk
=ACF  \\$aPrevious Copyright Fee: GBP13.35$c0$e01-jan-2006$fGBP13.35$g0$hC$5Uk
=ACF  \\$aPrevious Copyright Fee: GBP13.35$c0$e01-oct-2005$fGBP13.35$g0$hC$5Uk
=ACF  \\$aPrevious Copyright Fee: GBP13.35$c0$e01-jul-2005$fGBP13.35$g0$hC$5Uk
=ACF  \\$aPrevious Copyright Fee: GBP13.35$c0$e01-apr-2005$fGBP13.35$g0$hC$5Uk
=ACF  \\$aPrevious Copyright Fee: GBP13.35$c0$e01-jan-2005$fGBP13.35$g0$hC$5Uk
=ACF  \\$aPrevious Copyright Fee: GBP13.35$c0$e01-oct-2004$fGBP13.35$g0$hC$5Uk
=ACF  \\$aPrevious copyright fee: GBP13.35$c0$e20-jul-2001$fGBP13.35$g0$hC$5Uk
=ACF  \\$aPrevious Copyright Fee: GBP13.35$c0$e01-jul-2012$fGBP13.35$g0$hC$5Uk
=ACF  \\$aPrevious Copyright Fee: GBP13.35$c0$e01-oct-2012$fGBP13.35$g0$hC$5Uk
=CAT  \\$aWR09-126
=CAT  \\$aIPL-CLA$c20101231$lBLL01$h1426
=CAT  \\$aBATCH-CLA$b00$c20110228$lBLL01$h1540
=CAT  \\$aIPL-CLA$c20110331$lBLL01$h1455
=CAT  \\$aBATCH-CLA$b00$c20110531$lBLL01$h1637
=CAT  \\$aIPL-CLA$c20110630$lBLL01$h1535
=CAT  \\$aBATCH-CLA$b00$c20110831$lBLL01$h1754
=CAT  \\$aIPL-CLA$c20110930$lBLL01$h1538
=CAT  \\$aBATCH-CLA$b00$c20111130$lBLL01$h1159
=CAT  \\$aIPL-CLA$c20111230$lBLL01$h1930
=CAT  \\$aBATCH-CLA$b00$c20120229$lBLL01$h1621
=CAT  \\$aIPL-CLA$c20120330$lBLL01$h1425
=CAT  \\$aBATCH-CLA$b00$c20120531$lBLL01$h1704
=CAT  \\$aBATCH-UPD$b00$c20120614$lBLL01$h2118
=CAT  \\$aIPL-CLA$c20120629$lBLL01$h1023
=CAT  \\$aBATCH-CLA$b00$c20120831$lBLL01$h1536
=CAT  \\$aIPL-CLA$c20120930$lBLL01$h2102
=CAT  \\$aBATCH-CLA$b00$c20121108$lBLL01$h1736
=CAT  \\$aWR13.005$c20130322$lBLL01$h1955
=CAT  \\$aCDS15-UPD$b40$c20140630$lBLL01$h1054
=CAT  \\$aWR14_140$c20140905$lBLL01$h1751
=CAT  \\$a8323$b40$c20190401$lBLL01$h1215
=CAT  \\$aBATCH-CLA$b00$c20221130$lBLL01$h1440
=CAT  \\$aIPL-CLA$c20221231$lBLL01$h1442
=CAT  \\$aBATCH-CLA$b00$c20230209$lBLL01$h1527
=CAT  \\$aIPL-CLA$c20230209$lBLL01$h2335
=CAT  \\$a11205$b40$c20230719$lBLL01$h1200
=CFI  0\$aCurrent Copyright Fee: GBP13.35$c0$e09-feb-2023$fGBP13.35$g0$hC$5Uk
=CFI  2\$aBritish Library not licensed to copy$c0$e01-jan-2023$hC$iCFP Excluded$5Uk
=FIN  \\$aY
=FMT  \\$a  SE
=LAS  \\$a11205$b40$c20230719$lBLL01$h1200
=LEO  \\$aMP10.0000606709
=LEO  \\$aMP5.0001464313
=LEO  \\$aMP22.0000067066
=LEO  \\$aMP25.0000347375
=SRC  \\$aDSS01$bbibmp10.200404.2.aa
=SRC  \\$aBNB03$bbibmp5.200404.2.ac
=SRC  \\$aISN01$bbibmp22.200404.2.aa
=SRC  \\$aSRI01$bbibmp25.200404.2.aa
=SSD  \\$a25500{dollar}aVol. 1, no. 1 (2001)-; 50300{dollar}aAbsorbed: Water supply; 74500{dollar}aWater supply{dollar}w0735-1917
=TCO  \\$aCLA$bCLA$c008
=TOC  \\$aETOC

