=LDR  04765cas a2201177 a 4500
=001  011649252
=003  Uk
=005  20211231154025.0
=006  aa\\\|||||||||||||
=007  ta
=008  020107c20019999ne\mr\p\\\\\\\0\\\a0eng\\
=015  \\$aGBA133697$2bnb
=019  c\$a2604526
=019  y\$abA133697
=019  9\$abA133697
=019  0\$as667291008
=022  0\$a1472-9792
=039  0\$a2645
=040  \\$aUk$cUk$dUk
=082  04$a616.995$221
=084  \\$aGV 90(T10)$2blsrissc
=084  \\$aGV 48$2blsrissc
=130  0\$aTuberculosis (Edinburgh, Scotland)
=210  0\$aTuberc.$b(Edinb.)
=222  \0$aTuberculosis$b(Edinburgh)
=245  10$aTuberculosis.
=260  \\$aEdinburgh :$bChurchill Livingtone,$c2001-
=260  3\$aAmsterdam$bElsevier
=300  \\$av. :$bill. ;$c28 cm.
=310  \\$aMonthly,$b<2004->
=321  \\$aBimonthly,$b2001-
=336  \\$atext$2rdacontent
=337  \\$aunmediated$2rdamedia
=338  \\$avolume$2rdacarrier
=362  0\$aVol. 81, no. 1 & 2 (2001)-
=500  \\$aPublisher: Amsterdam ; Boston : Elsevier, <2004->
=525  \\$aSupplements accompany some vols.
=540  \\$aCurrent copyright fee: GBP34.30$c5\1$5Uk
=595  \\$aFORMERLY 9068.105 UP TO VOL. 80, 2000 SEE 9068. 1 AND 9068.105 FOR OTHER HOLDINGS.
=650  \0$aTuberculosis$vPeriodicals.
=776  08$iAlso issued online as$tTuberculosis (Edinburgh, Scotland : Online)$x1873-281X
=780  00$tTubercle and lung disease$x0962-8479
=852  41$aBritish Library$bDSC$j9068.125000$3Vol. 81, no. 1/2 (2001)-v. 92, no. 1 (2012)***UKRR Retained Title
=852  71$aBritish Library$bSTI$k(P)$hGV 90$m(T10) -E(4)$2blsrissc$3Vol. 81 (2001)-v. 95, no. 2 (2015)***Title now taken as electronic copy only
=856  \\$31850-9999$uhttp://www.elsevier.com/journals$xBLDSS
=945  \\$aTuberculosis -Edinburgh-.
=957  \\$a010424c
=959  \\$fHeld but not currently received
=985  \\$aResponsibility for ISSN transferred from ISSN UK to ISSN Netherlands, 16.03.07.
=ACF  \\$aPrevious copyright fee: GBP19.00$c5\9$e01-jan-2008$fGBP19.00$g0$hP$5Uk
=ACF  \\$aPrevious copyright fee: GBP18.00$c5\9$e01-apr-2004$fGBP18.00$g0$hP$5Uk
=ACF  \\$aCurrent copyright fee: GBP20.00$c5\9$e01-jan-2003$fGBP20.00$g0$hP$5Uk
=ACF  \\$aCurrent copyright fee: GBP22.50$c0$e01-jul-2002$fGBP22.50$g0$hC$5Uk
=ACF  \\$aPrevious copyright fee: GBP20.00$c5\1$e01-jan-2009$fGBP20.00$g0$hP$5Uk
=ACF  \\$aPrevious copyright fee: GBP21.00$c5\1$e01-jan-2012$fGBP21.00$g0$hP$5Uk
=ACF  \\$aPrevious copyright fee: GBP22.50$c5\1$e01-jan-2013$fGBP22.50$g0$hP$5Uk
=ACF  \\$aPrevious copyright fee: GBP23.40$c5\1$e01-jan-2018$fGBP23.40$g0$hP$5Uk
=CAT  \\$aCONV$b00$c20040425$lBLL90$h0615
=CAT  \\$aBATCH$b00$c20090101$lBLL01$h0209
=CAT  \\$aCDS-UPD$b40$c20091208$lBLL01$h2212
=CAT  \\$aCDS-UPD$b40$c20091208$lBLL01$h2234
=CAT  \\$aBATCH$b00$c20091210$lBLL01$h0534
=CAT  \\$aBATCH$b00$c20091214$lBLL01$h0741
=CAT  \\$aWR11_155$c20111021$lBLL01$h1330
=CAT  \\$aWR11_155$c20111114$lBLL01$h1647
=CAT  \\$aBATCH-UPD$b00$c20111123$lBLL01$h1851
=CAT  \\$aIPL-CLA$c20111230$lBLL01$h1930
=CAT  \\$aBATCH-UPD$b00$c20120614$lBLL01$h2118
=CAT  \\$aBATCH-CLA$b00$c20121108$lBLL01$h1736
=CAT  \\$aBATCH-UPD$b00$c20121121$lBLL01$h1654
=CAT  \\$aIPL-CLA$c20121231$lBLL01$h1303
=CAT  \\$aIPL-CLA$c20130102$lBLL01$h1716
=CAT  \\$aWR13.005$c20130322$lBLL01$h1955
=CAT  \\$aWR14_140$c20140905$lBLL01$h1752
=CAT  \\$aBLDSS-3PM$b00$c20141222$lBLL01$h1712
=CAT  \\$a5997$b40$c20150414$lBLL01$h1205
=CAT  \\$aBATCH-UPD$b40$c20170304$lBLL01$h1110
=CAT  \\$aBATCH-UPD$b40$c20171121$lBLL01$h1741
=CAT  \\$aIPL-CLA$c20171231$lBLL01$h1548
=CAT  \\$aBATCH-UPD$b00$c20190521$lBLL01$h1433
=CAT  \\$aIPL-CLA$c20190630$lBLL01$h1530
=CAT  \\$aBATCH-UPD$b00$c20211119$lBLL01$h1551
=CAT  \\$aIPL-CLA$c20211231$lBLL01$h1540
=CFI  0\$aCurrent copyright fee: GBP34.30$c5\1$e01-jan-2022$fGBP34.30$g0$hP$5Uk
=CFI  2\$aPrevious copyright fee: GBP32.84$c5\1$e01-jul-2019$fGBP32.84$g0$hP$5Uk
=EST  \\$a2
=FFP  \\$aY$bBLDSS-3PM
=FIN  \\$aY
=FMT  \\$a  SE
=LAS  \\$aIPL-CLA$b00$c20211231$lBLL01$h1540
=LEO  \\$aMP10.0000587609
=LEO  \\$aMP5.0001465616
=LEO  \\$aMP22.0000065953
=LEO  \\$aMP25.0000348267
=LKR  \\$aPAR$b010818863$lBLL01$nTubercle and lung disease$mTuberculosis (Edinburgh)$r78000
=SRC  \\$aDSS01$bbibmp10.200404.2.aa
=SRC  \\$aBNB03$bbibmp5.200404.2.ac
=SRC  \\$aISN01$bbibmp22.200404.2.aa
=SRC  \\$aSRI01$bbibmp25.200404.2.aa
=TCO  \\$aNLD$bSTICHTING REPRORECHT$c008
=TOC  \\$aETOC

