=LDR  04849cas a2201141 a 4500
=001  011649611
=003  Uk
=005  20221231144213.0
=007  ta
=008  020211c20019999xxuqr\p\\\\\\\0\\\a0eng\\
=015  \\$aGBA142286$2bnb
=019  y\$abA142286
=019  9\$abA142286
=019  c\$a1449609
=019  0\$as668510005
=022  0\$a1470-269X$202
=039  0\$a2651
=040  \\$aUk$cUk$dUk
=082  04$a615.19$221
=084  \\$aHE 33$2blsrissc
=084  \\$aCJ 342$2blsrissc
=210  0\$aPharmacogenomics j.$b(Print)
=222  \0$aPharmacogenomics journal$b(Print)
=245  04$aThe pharmacogenomics journal.
=260  \\$aBasingstoke :$bNature Publishing,$c2001-
=264  31$aNew York, NY :$aSpringer Nature
=300  \\$av. :$bill. (some col.) ;$c29 cm.
=310  \\$aSix issues yearly
=336  \\$atext$2rdacontent
=337  \\$aunmediated$2rdamedia
=338  \\$avolume$2rdacarrier
=362  0\$aVol. 1, no. 1 (2001)-
=530  \\$aAlso published online.
=540  \\$aCurrent copyright fee: GBP34.95$c16\0$5Uk
=588  \\$aLastest issue consulted: volume 19, number 6 (December 2019).
=650  \0$aPharmacogenomics$vPeriodicals.
=776  0\$tPharmacogenomics journal (Online)$x1473-1150
=852  41$aBritish Library$bDSC$j6446.249600$3Vol. 3 (2003)-
=852  71$aBritish Library$bSTI$k(P)$hHE 33$m-E(4)$2blsrissc$3Vol. 1 (2001)-v.19 (2019)***Title now taken as Electronic Copy only
=856  \\$31850-9999$uhttp://www.nature.com/$xBLDSS
=945  \\$aPharmacogenomics journal
=959  \\$fHeld but not currently received
=985  \\$aChange of country code will trigger rejection from ISSN Portal, but act as reminder to offer responsibility to US ISSN Centre. Springer Nature responsibility not yet sorted out. ED 10/1/20. UPDATE - Both print and online records rejected by U.S. Center - they say refer to ISSN Germany. No further action taken (Richard (Leeds), 23/01/20))
=A02  \\$a1449609
=ACF  \\$aPrevious copyright fee: GBP16.60$c16\0$e01-jan-2007$fGBP16.60$g0$hP$5Uk
=ACF  \\$aPrevious copyright fee: GBP16.22$c16\0$e01-oct-2006$fGBP16.22$g0$hP$5Uk
=ACF  \\$aPrevious copyright fee: GBP17.14$c16\0$e01-apr-2006$fGBP17.14$g0$hP$5Uk
=ACF  \\$aPrevious copyright fee: GBP16.67$c16\0$e01-jan-2006$fGBP16.67$g0$hP$5Uk
=ACF  \\$aPrevious copyright fee: GBP16.22$c16\0$e01-apr-2005$fGBP16.22$g0$hP$5Uk
=ACF  \\$aPrevious copyright fee: GBP16.67$c16\0$e01-jan-2005$fGBP16.67$g0$hP$5Uk
=ACF  \\$aPrevious copyright fee: GBP13.51$c16\0$e01-apr-2004$fGBP13.51$g0$hP$5Uk
=ACF  \\$aCurrent copyright fee: GBP14.71$c16\0$e01-jan-2004$fGBP14.71$g0$hP$5Uk
=ACF  \\$aCurrent copyright fee: GBP15.63$c16\0$e01-jan-2003$fGBP15.63$g0$hP$5Uk
=ACF  \\$aPrevious copyright fee: GBP17.50$c16\0$e01-jan-2009$fGBP17.50$g0$hP$5Uk
=ACF  \\$aPrevious copyright fee: GBP22.00$c16\0$e01-oct-2010$fGBP22.00$g0$hP$5Uk
=CAT  \\$aBATCH-UPD$b00$c20081231$lBLL01$h2258
=CAT  \\$aBATCH-UPD$b00$c20090101$lBLL01$h0034
=CAT  \\$aBATCH$b00$c20090101$lBLL01$h0209
=CAT  \\$aWR09-126
=CAT  \\$aBATCH-UPD$b00$c20090904$lBLL01$h1724
=CAT  \\$aBATCH$b00$c20091122$lBLL01$h1903
=CAT  \\$aBATCH$b00$c20091210$lBLL01$h0534
=CAT  \\$aBATCH$b00$c20091214$lBLL01$h0741
=CAT  \\$aBATCH$b00$c20091216$lBLL01$h0200
=CAT  \\$aBATCH-UPD$b00$c20100818$lBLL01$h1551
=CAT  \\$aIPL-CLA$c20100930$lBLL01$h1517
=CAT  \\$a8874$b40$c20110801$lBLL01$h1346
=CAT  \\$aBATCH-CLA$b00$c20121108$lBLL01$h1736
=CAT  \\$aWR12_168$c20121206$lBLL01$h1813
=CAT  \\$a5552$b40$c20131016$lBLL01$h1039
=CAT  \\$aWR14_140$c20140905$lBLL01$h1752
=CAT  \\$aBLDSS-3PM$b00$c20150111$lBLL01$h1520
=CAT  \\$aBATCH-UPD$b00$c20160413$lBLL01$h1813
=CAT  \\$aBATCH-UPD$b00$c20160617$lBLL01$h0926
=CAT  \\$aBATCH-UPD$b00$c20171121$lBLL01$h1636
=CAT  \\$aIPL-CLA$c20171231$lBLL01$h1548
=CAT  \\$a8483$b40$c20200110$lBLL01$h0929
=CAT  \\$a8483$b40$c20200110$lBLL01$h0953
=CAT  \\$a10806$b40$c20200123$lBLL01$h0830
=CAT  \\$aBATCH-UPD$b40$c20221121$lBLL01$h1331
=CAT  \\$aIPL-CLA$c20221231$lBLL01$h1442
=CFI  0\$aCurrent copyright fee: GBP34.95$c16\0$e01-jan-2023$fGBP34.95$g0$hP$5Uk
=CFI  2\$aPrevious copyright fee: GBP24.00$c16\0$e01-jan-2018$fGBP24.00$g0$hP$5Uk
=FFP  \\$aY$bBLDSS-3PM
=FIN  \\$aY
=FMT  \\$a  SE
=LAS  \\$aIPL-CLA$b00$c20221231$lBLL01$h1442
=LEO  \\$aMP5.0001466983
=LEO  \\$aMP10.0000437481
=LEO  \\$aMP22.0000063942
=LEO  \\$aMP25.0000349402
=SRC  \\$aBNB03$bbibmp5.200404.2.ac
=SRC  \\$aDSS01$bbibmp10.200404.2.aa
=SRC  \\$aISN01$bbibmp22.200404.2.aa
=SRC  \\$aSRI01$bbibmp25.200404.2.aa
=TCO  \\$aCLA$bCLA$c008
=TOC  \\$aETOC
=UNO  \\$aY

