=LDR  06098cas a2201381 a 4500
=001  011650309
=003  Uk
=005  20230210005741.0
=006  aac\\|||||||||||||
=007  ta
=008  020403c19989999rm\qr\p\\\\\\\0\\\a0eng\\
=015  \\$aGBA163441$2bnb
=019  y\$abA163441
=019  9\$abA163441
=019  c\$a2581551
=019  0\$as671800000
=022  0\$a1462-7302
=039  0\$a2666
=040  \\$aUk$beng$cUk$dUk
=042  \\$aukblsr
=082  04$a338.47664752505$221
=084  \\$aHT 910$2blsrissc
=210  0\$aBiscuit world
=222  \0$aBiscuit world
=245  00$aBiscuit world :$bthe international magazine for biscuit processors.
=260  \\$aSevenoaks :$bCrier Media,$c1998-
=264  31$aBucharest :$bTrade Media Solutions SRL
=300  \\$av. :$bcol. ill. ;$c30 cm.
=310  \\$aQuarterly
=336  \\$atext$2rdacontent
=337  \\$aunmediated$2rdamedia
=338  \\$avolume$2rdacarrier
=362  0\$aYear 1, issue 1 (1998)-
=500  \\$aDescription based on: Issue 3, year 4 (Aug. 2001).
=540  \\$aCurrent Copyright Fee: GBP25.00$c0$5Uk
=588  \\$aLatest issue consulted: volume 17, issue 4 (winter 2014).
=595  \\$aSEE ALSO CARD INDEX.
=597  \\$aEnhanced$bSRIS DDC
=650  \0$aBiscuit industry$vPeriodicals.
=690  7\$aManagement and Business Studies$2blcoll
=852  71$aBritish Library$bSTI$k(P)$hHT 910$m-E(5)$2blsrissc$31998- ; Year 1-Vol. 17, issue 4(2014)
=945  \\$aBISCUIT WORLD.
=957  \\$a010926c
=963  \\$aVOL. 1, 1998-$bN$cU
=979  \\$aBritish Library$bDSC$j2094.150000N$xNot selected
=985  \\$aISSN note: responsibility for ISSN transferred from ISSN UK Centre to Romanian ISSN Centre, February 6, 2015.
=A02  \\$a2581551
=ACF  \\$aPrevious Copyright Fee: GBP12.00$c0$e01-apr-2012$fGBP12.00$g0$hC$5Uk
=ACF  \\$aPrevious Copyright Fee: GBP12.00$c0$e01-jan-2012$fGBP12.00$g0$hC$5Uk
=ACF  \\$aPrevious Copyright Fee: GBP10.50$c0$e01-oct-2011$fGBP10.50$g0$hC$5Uk
=ACF  \\$aPrevious Copyright Fee: GBP10.50$c0$e01-jul-2011$fGBP10.50$g0$hC$5Uk
=ACF  \\$aPrevious Copyright Fee: GBP10.50$c0$e01-apr-2011$fGBP10.50$g0$hC$5Uk
=ACF  \\$aPrevious Copyright Fee: GBP10.50$c0$e01-jan-2011$fGBP10.50$g0$hC$5Uk
=ACF  \\$aPrevious Copyright Fee: GBP9.00$c0$e01-oct-2010$fGBP9.00$g0$hC$5Uk
=ACF  \\$aPrevious Copyright Fee: GBP9.00$c0$e01-jul-2010$fGBP9.00$g0$hC$5Uk
=ACF  \\$aPrevious Copyright Fee: GBP9.00$c0$e01-apr-2010$fGBP9.00$g0$hC$5Uk
=ACF  \\$aPrevious Copyright Fee: GBP9.00$c0$e01-Jan-2010$fGBP9.00$g0$hC$5Uk
=ACF  \\$aPrevious Copyright Fee: GBP6.00$c0$e01-oct-2009$fGBP6.00$g0$hC$5Uk
=ACF  \\$aPrevious Copyright Fee: GBP6.00$c0$e01-jul-2009$fGBP6.00$g0$hC$5Uk
=ACF  \\$aPrevious Copyright Fee: GBP6.00$c0$e01-apr-2009$fGBP6.00$g0$hC$5Uk
=ACF  \\$aPrevious Copyright Fee: GBP6.00$c0$e01-jan-2009$fGBP6.00$g0$hC$5Uk
=ACF  \\$aPrevious Copyright Fee: GBP6.00$c0$e01-oct-2008$fGBP6.00$g0$hC$5Uk
=ACF  \\$aPrevious Copyright Fee: GBP6.00$c0$e01-jul-2008$fGBP6.00$g0$hC$5Uk
=ACF  \\$aPrevious Copyright Fee: GBP6.00$c0$e01-apr-2008$fGBP6.00$g0$hC$5Uk
=ACF  \\$aPrevious Copyright Fee: GBP6.00$c0$e01-jan-2008$fGBP6.00$g0$hC$5Uk
=ACF  \\$aPrevious Copyright Fee: GBP5.00$c0$e01-oct-2007$fGBP5.00$g0$hC$5Uk
=ACF  \\$aPrevious copyright fee: GBP5.00$c0$e01-jul-2002$fGBP5.00$g0$hC$5Uk
=ACF  \\$aCurrent copyright fee: GBP4.40$c0$e21-may-1999$fGBP4.40$g0$hA$5Uk
=ACF  \\$aPrevious Copyright Fee: GBP12.00$c0$e01-jul-2012$fGBP12.00$g0$hC$5Uk
=ACF  \\$aPrevious Copyright Fee: GBP12.00$c0$e01-oct-2012$fGBP12.00$g0$hC$5Uk
=ACF  \\$aPrevious Copyright Fee: GBP12.30$c0$e01-jan-2014$fGBP12.30$g0$hC$5Uk
=ACF  \\$aPrevious Copyright Fee: GBP15.00$c0$e01-jan-2017$fGBP15.00$g0$hC$5Uk
=ACF  \\$aPrevious Copyright Fee: GBP17.50$c0$e01-jan-2018$fGBP17.50$g0$hC$5Uk
=ACF  \\$aPrevious Copyright Fee: GBP20.00$c0$e01-jan-2020$fGBP20.00$g0$hC$5Uk
=ACF  \\$aPrevious Copyright Fee: GBP22.50$c0$e01-jan-2021$fGBP22.50$g0$hC$5Uk
=CAT  \\$aWR09-126
=CAT  \\$aBATCH-CLA$b00$c20111130$lBLL01$h1204
=CAT  \\$aIPL-CLA$c20111230$lBLL01$h1930
=CAT  \\$aBATCH-CLA$b00$c20120229$lBLL01$h1626
=CAT  \\$aIPL-CLA$c20120330$lBLL01$h1425
=CAT  \\$aBATCH-CLA$b00$c20120531$lBLL01$h1701
=CAT  \\$aIPL-CLA$c20120629$lBLL01$h1023
=CAT  \\$aBATCH-CLA$b00$c20120831$lBLL01$h1532
=CAT  \\$aIPL-CLA$c20120930$lBLL01$h2102
=CAT  \\$aBATCH-CLA$b00$c20121108$lBLL01$h1736
=CAT  \\$aWR13.005$c20130322$lBLL01$h1955
=CAT  \\$aBATCH-CLA$b00$c20131129$lBLL01$h1645
=CAT  \\$aIPL-CLA$c20131231$lBLL01$h2223
=CAT  \\$aWR14_140$c20140905$lBLL01$h1752
=CAT  \\$a11205$b40$c20150203$lBLL01$h1428
=CAT  \\$a11315$b40$c20150206$lBLL01$h1421
=CAT  \\$aBATCH-CLA$b00$c20161130$lBLL01$h1637
=CAT  \\$aIPL-CLA$c20161230$lBLL01$h2025
=CAT  \\$aBATCH-CLA$b00$c20171130$lBLL01$h1706
=CAT  \\$aIPL-CLA$c20171231$lBLL01$h1548
=CAT  \\$aBATCH-CLA$b00$c20191129$lBLL01$h1623
=CAT  \\$aIPL-CLA$c20191231$lBLL01$h1854
=CAT  \\$aBATCH-CLA$b00$c20201126$lBLL01$h1410
=CAT  \\$aIPL-CLA$c20201231$lBLL01$h2112
=CAT  \\$aBATCH-CLA$b00$c20221130$lBLL01$h1429
=CAT  \\$aIPL-CLA$c20221231$lBLL01$h2018
=CAT  \\$aBATCH-CLA$b00$c20230209$lBLL01$h1517
=CAT  \\$aIPL-CLA$c20230210$lBLL01$h0057
=CFI  0\$aCurrent Copyright Fee: GBP25.00$c0$e09-feb-2023$fGBP25.00$g0$hC$5Uk
=CFI  2\$aBritish Library not licensed to copy$c0$e01-jan-2023$hC$iCFP Excluded$5Uk
=FIN  \\$aY
=FMT  \\$a  SE
=LAS  \\$aIPL-CLA$b00$c20230210$lBLL01$h0057
=LEO  \\$aMP5.0001469759
=LEO  \\$aMP10.0000100983
=LEO  \\$aMP22.0000058152
=LEO  \\$aMP25.0000351561
=SRC  \\$aBNB03$bbibmp5.200404.2.ac
=SRC  \\$aDSS01$bbibmp10.200404.2.aa
=SRC  \\$aISN01$bbibmp22.200404.2.aa
=SRC  \\$aSRI01$bbibmp25.200404.2.aa
=SSD  \\$a25500{dollar}aYear 1, issue 1 (1998)-
=TCO  \\$aCLA$bCLA$c008

