=LDR  06015cas a2201369 a 4500
=001  011746396
=003  Uk
=005  20221231144232.0
=007  ta
=008  040409c19949999ne\br\p\\\\\\\0\\\a0eng\\
=015  \\$aGB9455043$2bnb
=019  c\$a2475784
=019  y\$ab9455043
=019  9\$ab9455043
=019  0\$as602852005
=022  \\$a0969-0239
=039  0\$a2298
=040  \\$aUk$cUk$dUk
=082  04$a572.56682$221
=084  \\$aKD 70$2blsrissc
=130  0\$aCellulose (London, England)
=210  0\$aCellulose$b(Lond.)
=222  \0$aCellulose$b(London)
=245  10$aCellulose.
=260  \\$aLondon :$bChapman & Hall,$c1994-
=264  31$32015-$aDordrecht :$bSpringer Science+Business Media
=300  \\$av. :$bill. ;$c25 cm.
=310  \\$aBimonthly,$b2005-
=321  \\$aQuarterly,$b-2004
=336  \\$atext$2rdacontent
=337  \\$aunmediated$2rdamedia
=338  \\$avolume$2rdacarrier
=362  0\$aVol. 1, no. 1 (Mar. 1994)-
=540  \\$aCurrent copyright fee: GBP29.95$c22\1$5Uk
=588  \\$aLatest issue consulted: volume 22, issue 3 (June 2015).
=650  \0$aCellulose$vPeriodicals.
=653  1\$aCellulose
=776  08$iAlso issued online as:$tCellulose (London, England)$x1572-882X
=852  41$aBritish Library$bDSC$j3098.059800$3Vol. 1 (1994)-v. 17, no. 6 (2010)
=852  71$aBritish Library$bSTI$k(P)$hKD 70$m-E(3)$2blsrissc$3Vol. 1 (1994)-v. 7, no. 4 (2000)
=852  41$aBritish Library$bHMNTS$jDZK.9.x.187$3Vol. 8, no. 1 (2001)-
=856  \\$31850-9999$uhttp://www.springer.com/gb/$xBLDSS
=945  \\$aCellulose -Andover-.
=959  \\$fHeld but not currently received
=963  \\$aVol. 1 (1994)-$bN$cU
=985  \\$aRecord merged by DQ team
=985  \\$aISSN note: responsibility for ISSN transferred to Netherlands (Springer) with agreement, July 17 2015.
=A02  \\$a2475784
=ACF  \\$aPrevious copyright fee: GBP21.25$c13\1$e01-jan-2009$fGBP21.25$g0$hP$5Uk
=ACF  \\$aPrevious copyright fee: GBP16.75$c13\1$e01-jan-2007$fGBP16.75$g0$hP$5Uk
=ACF  \\$aPrevious copyright fee: GBP16.22$c13\1$e01-oct-2006$fGBP16.22$g0$hP$5Uk
=ACF  \\$aPrevious copyright fee: GBP17.14$c13\1$e01-apr-2006$fGBP17.14$g0$hP$5Uk
=ACF  \\$aPrevious copyright fee: GBP16.67$c13\1$e01-jan-2006$fGBP16.67$g0$hP$5Uk
=ACF  \\$aPrevious copyright fee: GBP16.22$c13\1$e01-apr-2005$fGBP16.22$g0$hP$5Uk
=ACF  \\$aPrevious copyright fee: GBP16.67$c13\1$e01-jan-2005$fGBP16.67$g0$hP$5Uk
=ACF  \\$aPrevious copyright fee: GBP13.51$c13\1$e01-apr-2004$fGBP13.51$g0$hP$5Uk
=ACF  \\$aCurrent copyright fee: GBP14.71$c13\1$e01-jan-2004$fGBP14.71$g0$hP$5Uk
=ACF  \\$aCurrent copyright fee: GBP15.63$c13\1$e01-jan-2003$fGBP15.63$g0$hP$5Uk
=ACF  \\$aPrevious copyright fee: GBP22.00$c13\1$e01-apr-2009$fGBP22.00$g0$hP$5Uk
=ACF  \\$aPrevious copyright fee: GBP22.00$c13\1$e12-aug-2012$fGBP22.00$g0$hP$5Uk
=ACF  \\$aPrevious copyright fee: GBP25.00$c13\1$e01-jan-2013$fGBP25.00$g0$hP$5Uk
=ACF  \\$aPrevious copyright fee: GBP25.77$c13\1$e01-jul-2013$fGBP25.77$g0$hP$5Uk
=ACF  \\$aPrevious copyright fee: GBP24.97$c13\1$e01-jan-2014$fGBP24.97$g0$hP$5Uk
=ACF  \\$aPrevious copyright fee: GBP24.21$c13\1$e01-jul-2014$fGBP24.21$g0$hP$5Uk
=ACF  \\$aPrevious copyright fee: GBP25.77$c13\1$e01-apr-2015$fGBP25.77$g0$hP$5Uk
=ACF  \\$aPrevious copyright fee: GBP26.63$c13\1$e01-jul-2015$fGBP26.63$g0$hP$5Uk
=ACF  \\$aPrevious copyright fee: GBP25.77$c13\1$e01-oct-2015$fGBP25.77$g0$hP$5Uk
=ACF  \\$aPrevious copyright fee: GBP27.55$c13\1$e01-apr-2016$fGBP27.55$g0$hP$5Uk
=ACF  \\$aPrevious copyright fee: GBP29.59$c13\1$e01-oct-2016$fGBP29.59$g0$hP$5Uk
=ACF  \\$aPrevious copyright fee: GBP31.96$c13\1$e01-apr-2017$fGBP31.96$g0$hP$5Uk
=ACF  \\$aPrevious copyright fee: GBP30.73$c13\1$e01-oct-2017$fGBP30.73$g0$hP$5Uk
=ACF  \\$aPrevious copyright fee: GBP28.54$c13\1$e01-apr-2018$fGBP28.54$g0$hP$5Uk
=CAT  \\$aCONV$b00$c20040425$lBLL90$h0700
=CAT  \\$a11315$b40$c20150715$lBLL01$h0909
=CAT  \\$a11315$b40$c20150717$lBLL01$h0808
=CAT  \\$a11315$b40$c20150813$lBLL01$h0932
=CAT  \\$aBATCH-UPD$b40$c20150820$lBLL01$h1751
=CAT  \\$aIPL-CLA$c20150930$lBLL01$h1756
=CAT  \\$aBATCH-UPD$b00$c20160217$lBLL01$h1637
=CAT  \\$aIPL-CLA$c20160331$lBLL01$h1716
=CAT  \\$aBATCH-UPD$b00$c20160413$lBLL01$h1813
=CAT  \\$aBATCH-UPD$b00$c20160524$lBLL01$h2155
=CAT  \\$aBATCH-UPD$b00$c20160524$lBLL01$h2240
=CAT  \\$aBATCH-UPD$b00$c20160824$lBLL01$h1714
=CAT  \\$aIPL-CLA$c20160930$lBLL01$h1556
=CAT  \\$aBATCH-UPD$b00$c20170216$lBLL01$h1801
=CAT  \\$aIPL-CLA$c20170331$lBLL01$h1838
=CAT  \\$aBATCH-UPD$b00$c20170904$lBLL01$h1802
=CAT  \\$aIPL-CLA$c20170929$lBLL01$h1721
=CAT  \\$aBATCH-UPD$b00$c20180223$lBLL01$h1618
=CAT  \\$aIPL-CLA$c20180331$lBLL01$h1612
=CAT  \\$aBATCH-UPD$b00$c20180524$lBLL01$h1652
=CAT  \\$aIPL-CLA$c20180630$lBLL01$h1913
=CAT  \\$a10806$b40$c20200116$lBLL01$h0810
=CAT  \\$a10806$b40$c20200116$lBLL01$h0956
=CAT  \\$a10806$b40$c20200116$lBLL01$h0957
=CAT  \\$aBATCH-UPD$b40$c20221121$lBLL01$h1358
=CAT  \\$aIPL-CLA$c20221231$lBLL01$h1442
=CFI  0\$aCurrent copyright fee: GBP29.95$c22\1$e01-jan-2023$fGBP29.95$g0$hP$5Uk
=CFI  2\$aPrevious copyright fee: GBP34.00$c22\1$e01-jul-2018$fGBP34.00$g0$hP$5Uk
=EST  \\$a2
=FFP  \\$aY$bBLDSS-3PM
=FIN  \\$aY
=FMT  \\$a  SE
=LAS  \\$aIPL-CLA$b00$c20221231$lBLL01$h1442
=LEO  \\$aMP5.0000819817
=LEO  \\$aMP22.0000039868
=LEO  \\$aMP25.0000293903
=LEO  \\$aMP10.0000137645
=LKR  \\$aPAR$b019675541$lBLL01$r776$mCellulose (Print)$nCellulose (Online)
=SRC  \\$aBNB03$bbibmp5.200404.2.ab
=SRC  \\$aISN01$bbibmp22.200404.2.aa
=SRC  \\$aSRI01$bbibmp25.200404.2.aa
=SRC  \\$aDSS01$bbibmp10.200404.2.aa
=TCO  \\$aCLA$bCLA$c008
=TOC  \\$aETOC
=UNO  \\$aY

