=LDR  03365cas a22007933  4500
=001  011747830
=003  Uk
=005  20221231202236.0
=008  040409u||||||||xxka|\p|||\\\\0\\\|0und\\
=019  c\$a2481693
=022  0\$a0968-5278
=040  \\$aUk$cUk
=245  00$aCEU PRIVATIZATION REPORTS.
=336  \\$atext$2rdacontent
=337  \\$aunmediated$2rdamedia
=338  \\$avolume$2rdacarrier
=540  \\$aCurrent Copyright Fee: GBP25.00$c0$5Uk
=595  \\$aCEASED PUBLICATION.
=852  41$aBritish Library$bDSC$j3123.940800$3VOL. 1, 1993- 3, 1994 *A=1
=945  \\$aCEU PRIVATIZATION REPORTS.
=959  \\$fHeld but not currently received
=963  \\$aVOL. 1, 1993- *A=1$bN$cP222.C.71
=985  \\$aISSN International Centre took responsibility for ISSN 11.3.05
=A02  \\$a2481693
=ACF  \\$aPrevious copyright fee: GBP9.00$c0$e01-apr-2010$fGBP9.00$g0$hA$5Uk
=ACF  \\$aPrevious copyright fee: GBP6.00$c0$e01-apr-2008$fGBP6.00$g0$hA$5Uk
=ACF  \\$aPrevious copyright fee: GBP5.00$c0$e01-jul-2002$fGBP5.00$g0$hA$5Uk
=ACF  \\$aCurrent copyright fee: GBP2.50$c0$e01-jul-1998$fGBP2.50$g0$hC$5Uk
=ACF  \\$aCurrent copyright fee: GBP2.30$c0$e01-apr-1997$fGBP2.30$g0$hC$5Uk
=ACF  \\$aPrevious copyright fee: GBP10.50$c0$e01-jan-2011$fGBP10.50$g0$hA$5Uk
=ACF  \\$aPrevious copyright fee: GBP12.00$c0$e01-jan-2012$fGBP12.00$g0$hA$5Uk
=ACF  \\$aPrevious Copyright Fee: GBP12.30$c0$e01-jan-2014$fGBP12.30$g0$hA$5Uk
=ACF  \\$aPrevious Copyright Fee: GBP15.00$c0$e01-jan-2017$fGBP15.00$g0$hA$5Uk
=ACF  \\$aPrevious Copyright Fee: GBP17.50$c0$e01-jan-2018$fGBP17.50$g0$hA$5Uk
=ACF  \\$aPrevious Copyright Fee: GBP20.00$c0$e01-jan-2020$fGBP20.00$g0$hA$5Uk
=CAT  \\$aCONV$b00$c20040425$lBLL90$h0700
=CAT  \\$aBATCH-UPD$b00$c20100226$lBLL01$h0106
=CAT  \\$aBATCH-UPD$b00$c20100331$lBLL01$h2258
=CAT  \\$aBATCH-UPD$b00$c20100401$lBLL01$h0224
=CAT  \\$aBATCH$b00$c20100401$lBLL01$h0526
=CAT  \\$aBATCH$b00$c20100401$lBLL01$h1554
=CAT  \\$aBATCH-UPD$b00$c20101124$lBLL01$h1919
=CAT  \\$aBATCH-UPD$b00$c20101125$lBLL01$h1145
=CAT  \\$aIPL-CLA$c20101231$lBLL01$h1433
=CAT  \\$aWR11_203$c20111204$lBLL01$h1442
=CAT  \\$aIPL-CLA$c20111230$lBLL01$h1938
=CAT  \\$aBATCH-CLA$b00$c20121108$lBLL01$h1733
=CAT  \\$aWR13.005$c20130323$lBLL01$h1207
=CAT  \\$aBATCH-CLA$c20131219$lBLL01$h1859
=CAT  \\$aIPL-CLA$c20131231$lBLL01$h2232
=CAT  \\$aBATCH-CLA$b00$c20161222$lBLL01$h1749
=CAT  \\$aIPL-CLA$c20161230$lBLL01$h2032
=CAT  \\$aBATCH-CLA$b00$c20171222$lBLL01$h2103
=CAT  \\$aIPL-CLA$c20171231$lBLL01$h1553
=CAT  \\$aBATCH-CLA$b00$c20191219$lBLL01$h1716
=CAT  \\$aIPL-CLA$c20191231$lBLL01$h1858
=CAT  \\$aR2001-1524$c20200127$lBLL01$h1954
=CAT  \\$aBATCH-CLA$b00$c20201204$lBLL01$h1515
=CAT  \\$aIPL-CLA$c20201231$lBLL01$h2117
=CAT  \\$aBATCH-CLA$b00$c20221221$lBLL01$h1822
=CAT  \\$aIPL-CLA$c20221231$lBLL01$h2022
=CFI  0\$aCurrent Copyright Fee: GBP25.00$c0$e01-jan-2023$fGBP25.00$g0$hA$5Uk
=CFI  2\$aPrevious Copyright Fee: GBP22.50$c0$e01-jan-2021$fGBP22.50$g0$hA$5Uk
=FIN  \\$aY
=FMT  \\$a  SE
=LAS  \\$aIPL-CLA$b00$c20221231$lBLL01$h2022
=LEO  \\$aMP10.0000139678
=SRC  \\$aDSS01$bbibmp10.200404.2.aa
=TCO  \\$aCLA$bCLA$c008

