=LDR  03941cas a2200937 a 4500
=001  011752647
=003  Uk
=005  20230511162756.0
=007  ta
=008  961125c19209999xv\tr\p\\\\\\\0\\\b0slv\\
=010  \\$a96647719
=019  c\$a2597071
=022  \\$a1318-0509
=035  \\$a(OCoLC)ocm35995028
=040  \\$aDLC$cDLC$dOCoLC$dUk$dUk
=042  \\$aukblsr
=043  \\$ae-xv---
=082  04$a792.094973$222
=222  \0$aMaska$b(Ljubljana)
=245  00$aMaska.
=260  \\$aLjubljana :$bMaska,$c[1920]-
=300  \\$av. :$bill. ;$c28 cm.
=310  \\$aBimonthly
=336  \\$atext$2rdacontent
=337  \\$aunmediated$2rdamedia
=338  \\$avolume$2rdacarrier
=362  1\$aLetn. 1, št. 1 (okt. 1920)-
=500  \\$aSome issues include supplement Balcan Can Contemporary (BCC).
=540  \\$aCurrent Copyright Fee: GBP10.00$c122\0$5Uk
=550  \\$aIssued by: Zveza kulturnih organizacij Slovenije.
=588  \\$aDescription based on: Letnik 6, št. 1/3 (zima 1995/96); title from cover.
=588  \\$aLatest issue consulted: letnik 28, dvojna številka 155/156 (summer 2013)
=590  \\$aSERBIB/SERLOC merged record
=650  \0$aPerforming arts$zSlovenia$vPeriodicals.
=650  \0$aPerforming arts$vPeriodicals.
=710  2\$aZveza kulturnih organizacij Slovenije.
=776  08$iAlso issued online as:$tMaska$x2050-957X
=852  41$aBritish Library$bHMNTS$jZK.9.b.32928$3Vol. 28, no. 155/156 (Summer 2013)-v. 30, no. 175/176 ( Winter 2015)
=852  41$aBritish Library$bHMNTS$jZF.9.b.369$3v. 1, n. 1, -v. 37, n. 209/210, (2022)
=856  \\$31850-9999$uhttp://www.intellectbooks.co.uk/journals/index/$xBLDSS
=886  2\$2blmarc$a092$b00$a5385.888500n
=945  \\$aMASKA -Bristol-.
=979  \\$aBritish Library$bDSC$j5385.888500N
=985  \\$aCorrected by MS generated file for WR# 12.018
=985  \\$aISSN UK note: letnik 28, dvojna številka 155/156 (summer 2013) checked for ISSN responsibility. Print issue continues to be published by Maska in Ljubljana, but distributed internationally by Intellect Ltd (Bristol) (Richard Brown, Serials Cataloguing, 07/11/13).
=ACF  \\$aPrevious copyright fee: GBP10.50$c0$e01-jan-2011$fGBP10.50$g0$hA$5Uk
=ACF  \\$aPrevious copyright fee: GBP5.00$c0$e01-jul-2002$fGBP5.00$g0$hC$5Uk
=ACF  \\$aCurrent copyright fee: GBP4.40$c0$e14-sep-2000$fGBP4.40$g0$hA$5Uk
=CAT  \\$aCONV$b00$c20040425$lBLL90$h0706
=CAT  \\$aCONV$b00$c20040502$lBLL01$h1445
=CAT  \\$c20041010$lBLL01$h1951
=CAT  \\$a10039$b40$c20051122$lBLL01$h1511
=CAT  \\$aBATCH$b00$c20091210$lBLL01$h0611
=CAT  \\$aBATCH$b00$c20091214$lBLL01$h0822
=CAT  \\$aBATCH$b00$c20091216$lBLL01$h0203
=CAT  \\$a6537$b40$c20100420$lBLL01$h1400
=CAT  \\$aBATCH-UPD$b40$c20101201$lBLL01$h1241
=CAT  \\$aIPL-CLA$c20101231$lBLL01$h1435
=CAT  \\$aBATCH-UPD$b00$c20110907$lBLL01$h1820
=CAT  \\$aIPL-CLA$c20110908$lBLL01$h1734
=CAT  \\$aBLSS-CORR$b00$c20120724$lBLL01$h1758
=CAT  \\$aBATCH-CLA$b00$c20121108$lBLL01$h1732
=CAT  \\$aWR13.005$c20130323$lBLL01$h1210
=CAT  \\$a10039$b40$c20130711$lBLL01$h0935
=CAT  \\$a10039$b40$c20130711$lBLL01$h0938
=CAT  \\$a11315$b40$c20130827$lBLL01$h1108
=CAT  \\$a10806$b40$c20131107$lBLL01$h0844
=CAT  \\$a10806$b40$c20131107$lBLL01$h0848
=CAT  \\$a5552$b40$c20160928$lBLL01$h0928
=CAT  \\$aBLDSS-3PM$b00$c20161003$lBLL01$h1445
=CAT  \\$aBATCH-UPD$b00$c20161003$lBLL01$h1446
=CAT  \\$aBATCH-FIX$c20230511$lBLL01$h1627
=CFI  0\$aCurrent copyright fee: GBP10.00$c122\0$e28-sep-2016$fGBP10.00$g0$hP$5Uk
=CFI  2\$aBritish Library not licensed to copy$c0$e07-sep-2011$hC$iTX$5Uk
=FFP  \\$aY$bBLDSS-3PM
=FIN  \\$aY$d20051122
=FMT  \\$a  SE
=LAS  \\$aBATCH-FIX$b00$c20230511$lBLL01$h1627
=SID  \\$aZ39$bLOC
=SRC  \\$aDSS01$bbibmp10.200404.2.aa
=TCO  \\$aXXX$c008

