=LDR  07490cas a2201597 a 4500
=001  011753255
=003  Uk
=005  20230930080542.0
=007  ta
=008  851009c19859999enkmr\p\\\\\\\0\\\a0eng\\
=015  \\$aGB8618044$2bnb
=019  c\$a2279105
=019  y\$ab8618044
=019  9\$ab8618044
=019  0\$as535731000
=022  0\$a0267-0836
=039  0\$a1894
=040  \\$aUk$beng$cUk$dUk
=042  \\$aukblsr
=050  00$aTA401
=082  04$a620.1105$219
=084  \\$aTA 50$2blsrissc
=084  \\$aNA 20$2blsrissc
=210  0\$aMater. sci. technol.
=222  \0$aMaterials science and technology
=245  00$aMaterials science and technology.
=246  13$aMaterials science & technology
=246  13$aMST
=260  \\$aLondon :$bInstitute of Metals,$c1985-
=260  2\$aLeeds :$bManey
=264  31$aAbingdon :$bTaylor & Francis
=300  \\$av. :$bill. ;$c30 cm.
=310  \\$aMonthly
=336  \\$atext$2rdacontent
=337  \\$aunmediated$2rdamedia
=338  \\$avolume$2rdacarrier
=362  0\$aVol. 1, no. 1 (Jan. 1985)-
=500  \\$aDescription based on: Vol. 1, no. 8 (Aug. 1985).
=530  \\$aAlso issued online.
=540  \\$aCurrent copyright fee: GBP43.00$c2\0$5Uk
=588  \\$aLatest issue consulted: volume 32, numbers 3-4 (2016).
=595  \\$aFORMERLY 5688.507 UP TO VOL. 18, 1984 ALSO FORMERLY 5699.53 UP TO VOL. 11, 1984 SEE ALSO 5699.53 FOR H&SS HOLDINGS SEE ALSO CARD INDEX.
=650  \0$aMaterials science$vPeriodicals.
=650  \0$aMicrostructure$vPeriodicals.
=650  \0$aMetallurgy$vPeriodicals.
=710  2\$aInstitute of Metals.
=776  1\$tMaterials science and technology (Online)$x1743-2847
=780  04$tMetals technology$x0307-1693
=780  04$tMetal science$x0306-3453
=852  41$aBritish Library$bDSC$j5396.434400$3Vol. 1, no. 1 (1985)-v. 29, no. 6 (2013)***UKRR Retained Title
=852  71$aBritish Library$bSTI$k(P)$hTA 50$m-E(34)$2blsrissc$3Vol. 1 (1985)-v. 29, no. 12 (2013)***Holdings do not accurately reflect stock received prior to June 2004. Always check at shelf.***title now taken as electronic copy only
=856  \\$31850-9999$uhttp://maneypublishing.com/$xBLDSS
=945  \\$aMATERIALS SCIENCE AND TECHNOLOGY -LONDON-
=959  \\$fHeld but not currently received
=963  \\$aVOL. 2(7), 1986- *A=1$bY$cP432:4.B.56
=964  \\$aVOL. 1, 1985- *A=1$c669$dO$eJM19989
=985  \\$aRecord merged by DQ team
=985  \\$aResponsibility for ISSN transferred to US ISSN Center from ISSN UK Centre, May 27, 2016.
=A02  \\$a2279105
=ACF  \\$aPrevious Copyright Fee: GBP18.00$c0$e01-Jan-2010$fGBP18.00$g0$hC$5Uk
=ACF  \\$aPrevious Copyright Fee: GBP18.00$c0$e01-oct-2009$fGBP18.00$g0$hC$5Uk
=ACF  \\$aPrevious Copyright Fee: GBP18.00$c0$e01-jul-2009$fGBP18.00$g0$hC$5Uk
=ACF  \\$aPrevious Copyright Fee: GBP18.00$c0$e01-apr-2009$fGBP18.00$g0$hC$5Uk
=ACF  \\$aPrevious Copyright Fee: GBP18.00$c0$e01-jan-2009$fGBP18.00$g0$hC$5Uk
=ACF  \\$aBritish Library not licensed to copy$c0$e01-oct-2008$hC$iCLA Excluded$5Uk
=ACF  \\$aPrevious Copyright Fee: GBP18.00$c0$e01-jul-2008$fGBP18.00$g0$hC$5Uk
=ACF  \\$aPrevious Copyright Fee: GBP18.00$c0$e01-apr-2008$fGBP18.00$g0$hC$5Uk
=ACF  \\$aPrevious Copyright Fee: GBP18.00$c0$e01-jan-2008$fGBP18.00$g0$hC$5Uk
=ACF  \\$aPrevious Copyright Fee: GBP18.00$c0$e01-oct-2007$fGBP18.00$g0$hC$5Uk
=ACF  \\$aPrevious Copyright Fee: GBP18.00$c0$e01-jul-2007$fGBP18.00$g0$hC$5Uk
=ACF  \\$aPrevious Copyright Fee: GBP18.00$c0$e01-apr-2007$fGBP18.00$g0$hC$5Uk
=ACF  \\$aPrevious Copyright Fee: GBP18.00$c0$e01-jan-2007$fGBP18.00$g0$hC$5Uk
=ACF  \\$aPrevious Copyright Fee: GBP18.00$c0$e01-oct-2006$fGBP18.00$g0$hC$5Uk
=ACF  \\$aPrevious Copyright Fee: GBP18.00$c0$e01-jul-2006$fGBP18.00$g0$hC$5Uk
=ACF  \\$aPrevious Copyright Fee: GBP15.00$c0$e01-apr-2006$fGBP15.00$g0$hC$5Uk
=ACF  \\$aPrevious Copyright Fee: GBP9.00$c0$e01-jan-2006$fGBP9.00$g0$hC$5Uk
=ACF  \\$aPrevious Copyright Fee: GBP9.00$c0$e01-oct-2005$fGBP9.00$g0$hC$5Uk
=ACF  \\$aPrevious Copyright Fee: GBP9.00$c0$e01-jul-2005$fGBP9.00$g0$hC$5Uk
=ACF  \\$aPrevious Copyright Fee: GBP9.00$c0$e01-apr-2005$fGBP9.00$g0$hC$5Uk
=ACF  \\$aPrevious Copyright Fee: GBP9.00$c0$e01-jan-2005$fGBP9.00$g0$hC$5Uk
=ACF  \\$aPrevious Copyright Fee: GBP9.00$c0$e01-oct-2004$fGBP9.00$g0$hC$5Uk
=ACF  \\$aPrevious copyright fee: GBP5.00$c0$e01-jul-2002$fGBP5.00$g0$hC$5Uk
=ACF  \\$aCurrent copyright fee: GBP10.00$c0$e01-jul-2001$fGBP10.00$g0$hC$5Uk
=ACF  \\$aCurrent copyright fee: GBP5.00$c0$e01-jul-1998$fGBP5.00$g0$hC$5Uk
=ACF  \\$aPrevious Copyright Fee: GBP18.00$c47\0$e01-apr-2010$fGBP18.00$g0$hP$5Uk
=ACF  \\$aPrevious copyright fee: GBP30.00$c47\0$e01-jul-2012$fGBP30.00$g0$hP$5Uk
=ACF  \\$aPrevious copyright fee: GBP34.00$c47\0$e01-jan-2016$fGBP34.00$g0$hP$5Uk
=ACF  \\$aPrevious copyright fee: GBP33.00$c47\0$e01-jan-2017$fGBP33.00$g0$hP$5Uk
=ACF  \\$aPrevious copyright fee: GBP31.00$c47\0$e01-apr-2016$fGBP31.00$g0$hP$5Uk
=ACF  \\$aPrevious copyright fee: GBP37.00$c47\0$e15-jan-2019$fGBP37.00$g0$hP$5Uk
=ACF  \\$aPrevious copyright fee: GBP39.00$c47\0$e01-jan-2020$fGBP39.00$g0$hP$5Uk
=ACF  \\$aPrevious copyright fee: GBP41.00$c47\0$e01-jan-2021$fGBP41.00$g0$hP$5Uk
=CAT  \\$aCONV$b00$c20040425$lBLL90$h0706
=CAT  \\$a5552$b40$c20120402$lBLL01$h1354
=CAT  \\$aBATCH-UPD$b40$c20120614$lBLL01$h2123
=CAT  \\$aIPL-CLA$c20120629$lBLL01$h1024
=CAT  \\$aBATCH-CLA$b00$c20121108$lBLL01$h1732
=CAT  \\$a8323$b40$c20121205$lBLL01$h1356
=CAT  \\$aWR13.005$c20130323$lBLL01$h1210
=CAT  \\$aBLDSS-3PM$b00$c20141208$lBLL01$h1624
=CAT  \\$aBATCH-UPD$b00$c20151119$lBLL01$h1601
=CAT  \\$aIPL-CLA$c20151231$lBLL01$h1916
=CAT  \\$a5552$b40$c20160303$lBLL01$h0840
=CAT  \\$aIPL-CLA$c20160331$lBLL01$h1717
=CAT  \\$a5110$b40$c20160524$lBLL01$h0929
=CAT  \\$a10973$b40$c20160525$lBLL01$h1315
=CAT  \\$a10973$b40$c20160527$lBLL01$h1604
=CAT  \\$aBATCH-UPD$b40$c20161122$lBLL01$h1545
=CAT  \\$aIPL-CLA$c20161230$lBLL01$h2034
=CAT  \\$a5552$b40$c20190115$lBLL01$h1040
=CAT  \\$aBATCH-UPD$b40$c20191122$lBLL01$h1917
=CAT  \\$aIPL-CLA$c20191231$lBLL01$h1859
=CAT  \\$aBATCH-UPD$b00$c20201118$lBLL01$h1351
=CAT  \\$aIPL-CLA$c20201231$lBLL01$h1526
=CAT  \\$aBATCH-UPD$b00$c20221121$lBLL01$h1426
=CAT  \\$aIPL-CLA$c20221231$lBLL01$h1442
=CAT  \\$aR2308-1440$c20230824$lBLL01$h0927
=CAT  \\$aIPL-CLA$c20230930$lBLL01$h0805
=CFI  0\$aCurrent copyright fee: GBP43.00$c2\0$e01-oct-2023$fGBP43.00$g0$hP$5Uk
=CFI  2\$aPrevious copyright fee: GBP43.00$c47\0$e01-jan-2023$fGBP43.00$g0$hP$5Uk
=FFP  \\$aY$bBLDSS-3PM
=FIN  \\$aY
=FMT  \\$a  SE
=LAS  \\$aIPL-CLA$b00$c20230930$lBLL01$h0805
=LEO  \\$aMP5.0000758211
=LEO  \\$aMP22.0000014792
=LEO  \\$aMP25.0000226988
=LEO  \\$aMP10.0000360834
=LKR  \\$aPAR$b012759316$lBLL01$r78004$mMaterials science and technology$nMetal science
=LKR  \\$aPAR$b007517622$lBLL01$r78004$mMaterials science and technology$nMetals technology
=SRC  \\$aBNB03$bbibmp5.200404.2.ab
=SRC  \\$aISN01$bbibmp22.200404.2.aa
=SRC  \\$aSRI01$bbibmp25.200404.2.aa
=SRC  \\$aDSS01$bbibmp10.200404.2.aa
=TCO  \\$aCLA$bCLA$c008
=TOC  \\$aETOC

