=LDR  06663cas a2201429 a 4500
=001  011755900
=003  Uk
=005  20221231144244.0
=007  ta
=008  950914c19949999enkqr\p\\\\\\\0\\\a0eng\\
=015  \\$aGB9576042$2bnb
=019  0\$as526911026
=019  c\$a2497244
=019  y\$ab9576042
=019  9\$ab9576042
=022  0\$a1357-0560
=039  0\$a2358
=040  \\$aUk$cUk$dUk
=082  04$a616.992$221
=084  \\$aGT 60$2blsrissc
=084  \\$aHE 65$2blsrissc
=130  0\$aMedical oncology (Northwood, London, England)
=210  0\$aMed. oncol.$b(Northwood)
=222  \0$aMedical oncology$b(Northwood)
=245  10$aMedical oncology.
=260  \\$aNorthwood :$bScience and Technology letters,$c1994-
=260  3\$32003-$aTotowa, NJ :$bHumana Press
=300  \\$av. :$bill. ;$c28cm.
=310  \\$aQuarterly
=336  \\$atext$2rdacontent
=337  \\$aunmediated$2rdamedia
=338  \\$avolume$2rdacarrier
=362  0\$aVol. 11, no. 1 (1994)-
=500  \\$aDescription based on: Vol.12 no.1 (Mar. 1995).
=540  \\$aCurrent copyright fee: GBP34.95$c22\1$5Uk
=595  \\$aFORMERLY 5531.041 UP TO VOL. 10, 1993.
=650  \0$aCancer$vPeriodicals.
=650  \0$aOncology$vPeriodicals.
=776  1\$tMedical oncology (Northwood, London, England)$x1357-0560
=780  00$tMedical oncology and tumor pharmacotherapy$x0736-0118
=852  71$aBritish Library$bSTI$k(P)$hGT 60$m-E(82)$2blsrissc$3Vol.12 (1995)-v. 27, no. 4 (2010); Deficient: vol.11, 1994
=852  41$aBritish Library$bDSC$j5531.040500$3Vol. 11, no. 1 (1994)-v. 27, no. 4 (2010)***UKRR Retained Title***Stock Incomplete
=856  \\$31850-9999$uhttp://www.springer.com/gb/$xBLDSS
=945  \\$aMedical oncology -Northwood then Basingstoke then Totowa-.
=959  \\$fHeld but not currently received
=985  \\$aResponsibility for ISSN transferred to US ISSN Centre from ISSN UK Centre, 06/12/05
=ACF  \\$aPrevious copyright fee: GBP21.25$c13\6$e01-jan-2009$fGBP21.25$g0$hP$5Uk
=ACF  \\$aPrevious Copyright Fee: GBP16.75$c13\6$e02-may-2007$fGBP16.75$g0$hP$5Uk
=ACF  \\$aPrevious Copyright Fee: GBP15.38$c0$e01-apr-2007$fGBP15.38$g0$hC$5Uk
=ACF  \\$aPrevious Copyright Fee: GBP16.22$c0$e01-jan-2007$fGBP16.22$g0$hC$5Uk
=ACF  \\$aPrevious Copyright Fee: GBP16.22$c0$e01-oct-2006$fGBP16.22$g0$hC$5Uk
=ACF  \\$aPrevious Copyright Fee: GBP17.14$c0$e01-jul-2006$fGBP17.14$g0$hC$5Uk
=ACF  \\$aPrevious Copyright Fee: GBP17.14$c0$e01-apr-2006$fGBP17.14$g0$hC$5Uk
=ACF  \\$aPrevious Copyright Fee: GBP16.67$c0$e01-jan-2006$fGBP16.67$g0$hC$5Uk
=ACF  \\$aPrevious Copyright Fee: GBP16.22$c0$e01-oct-2005$fGBP16.22$g0$hC$5Uk
=ACF  \\$aPrevious Copyright Fee: GBP16.22$c0$e01-jul-2005$fGBP16.22$g0$hC$5Uk
=ACF  \\$aPrevious Copyright Fee: GBP16.22$c0$e01-apr-2005$fGBP16.22$g0$hC$5Uk
=ACF  \\$aPrevious Copyright Fee: GBP13.89$c0$e01-jan-2005$fGBP13.89$g0$hC$5Uk
=ACF  \\$aPrevious Copyright Fee: GBP13.51$c0$e01-oct-2004$fGBP13.51$g0$hC$5Uk
=ACF  \\$aPrevious copyright fee: GBP13.51$c0$e01-apr-2004$fGBP13.51$g0$hC$5Uk
=ACF  \\$aCurrent copyright fee: GBP14.71$c0$e01-jan-2004$fGBP14.71$g0$hC$5Uk
=ACF  \\$aCurrent copyright fee: GBP7.50$c0$e01-jan-2003$fGBP7.50$g0$hC$5Uk
=ACF  \\$aPrevious copyright fee: GBP22.00$c13\6$e01-apr-2009$fGBP22.00$g0$hP$5Uk
=ACF  \\$aPrevious copyright fee: GBP22.00$c13\6$e12-aug-2012$fGBP22.00$g0$hP$5Uk
=ACF  \\$aPrevious copyright fee: GBP25.00$c13\6$e01-jan-2013$fGBP25.00$g0$hP$5Uk
=ACF  \\$aPrevious copyright fee: GBP25.77$c13\6$e01-jul-2013$fGBP25.77$g0$hP$5Uk
=ACF  \\$aPrevious copyright fee: GBP24.97$c13\6$e01-jan-2014$fGBP24.97$g0$hP$5Uk
=ACF  \\$aPrevious copyright fee: GBP24.21$c13\6$e01-jul-2014$fGBP24.21$g0$hP$5Uk
=ACF  \\$aPrevious copyright fee: GBP25.77$c13\6$e01-apr-2015$fGBP25.77$g0$hP$5Uk
=ACF  \\$aPrevious copyright fee: GBP26.63$c13\6$e01-jul-2015$fGBP26.63$g0$hP$5Uk
=ACF  \\$aPrevious copyright fee: GBP25.77$c13\6$e01-oct-2015$fGBP25.77$g0$hP$5Uk
=ACF  \\$aPrevious copyright fee: GBP27.55$c13\6$e01-apr-2016$fGBP27.55$g0$hP$5Uk
=ACF  \\$aPrevious copyright fee: GBP29.59$c13\6$e01-oct-2016$fGBP29.59$g0$hP$5Uk
=ACF  \\$aPrevious copyright fee: GBP31.96$c13\6$e01-apr-2017$fGBP31.96$g0$hP$5Uk
=ACF  \\$aPrevious copyright fee: GBP30.73$c13\6$e01-oct-2017$fGBP30.73$g0$hP$5Uk
=ACF  \\$aPrevious copyright fee: GBP28.54$c13\6$e01-apr-2018$fGBP28.54$g0$hP$5Uk
=ACF  \\$aPrevious copyright fee: GBP34.00$c22\1$e01-jul-2018$fGBP34.00$g0$hP$5Uk
=CAT  \\$aWR09-126
=CAT  \\$aBATCH-UPD$b00$c20150520$lBLL01$h1710
=CAT  \\$aIPL-CLA$c20150630$lBLL01$h1640
=CAT  \\$aBATCH-UPD$b00$c20150820$lBLL01$h1758
=CAT  \\$a11316$b40$c20150903$lBLL01$h1150
=CAT  \\$a11316$b40$c20150903$lBLL01$h1151
=CAT  \\$aIPL-CLA$c20150930$lBLL01$h1757
=CAT  \\$aBATCH-UPD$b00$c20160217$lBLL01$h1645
=CAT  \\$aIPL-CLA$c20160331$lBLL01$h1717
=CAT  \\$aBATCH-UPD$b00$c20160413$lBLL01$h1813
=CAT  \\$aBATCH-UPD$b00$c20160524$lBLL01$h2155
=CAT  \\$aBATCH-UPD$b00$c20160524$lBLL01$h2241
=CAT  \\$aBATCH-UPD$b00$c20160824$lBLL01$h1723
=CAT  \\$aIPL-CLA$c20160930$lBLL01$h1556
=CAT  \\$aBATCH-UPD$b00$c20170216$lBLL01$h1810
=CAT  \\$aIPL-CLA$c20170331$lBLL01$h1838
=CAT  \\$aBATCH-UPD$b00$c20170904$lBLL01$h1812
=CAT  \\$aIPL-CLA$c20170929$lBLL01$h1722
=CAT  \\$aBATCH-UPD$b00$c20180223$lBLL01$h1629
=CAT  \\$aIPL-CLA$c20180331$lBLL01$h1612
=CAT  \\$aBATCH-UPD$b00$c20180524$lBLL01$h1700
=CAT  \\$aIPL-CLA$c20180630$lBLL01$h1913
=CAT  \\$a5552$b40$c20210823$lBLL01$h1358
=CAT  \\$aIPL-CLA$c20210930$lBLL01$h1527
=CAT  \\$aBATCH-UPD$b00$c20221121$lBLL01$h1410
=CAT  \\$aIPL-CLA$c20221231$lBLL01$h1442
=CFI  0\$aCurrent copyright fee: GBP34.95$c22\1$e01-jan-2023$fGBP34.95$g0$hP$5Uk
=CFI  2\$aPrevious copyright fee: GBP43.00$c22\1$e01-oct-2021$fGBP43.00$g0$hP$5Uk
=EST  \\$a2
=FFP  \\$aY$bBLDSS-3PM
=FIN  \\$aY
=FMT  \\$a  SE
=LAS  \\$aIPL-CLA$b00$c20221231$lBLL01$h1442
=LEO  \\$aMP25.0000218156
=LEO  \\$aMP22.0000045717
=LEO  \\$aMP5.0000830755
=LEO  \\$aMP10.0000364494
=LKR  \\$aPAR$b010191558$lBLL01$r78000$mMedical oncology (Northwood)$nMedical oncology and tumor pharmacotherapy
=SRC  \\$aSRI01$bbibmp25.200404.2.aa
=SRC  \\$aISN01$bbibmp22.200404.2.aa
=SRC  \\$aBNB03$bbibmp5.200404.2.ab
=SRC  \\$aDSS01$bbibmp10.200404.2.aa
=TCO  \\$aCLA$bCLA$c008
=TOC  \\$aETOC
=UNO  \\$aY

