=LDR  05669cas a2201225 a 4500
=001  011756461
=003  Uk
=005  20221231144245.0
=007  ta
=008  961105c19969999enktr\p\\\\\\\0\\\a0eng\\
=015  \\$aGB9677330$2bnb
=019  y\$ab9677330
=019  9\$ab9677330
=019  c\$a2537482
=022  0\$a1362-9395
=039  0\$a2420
=040  \\$aUk$beng$cUk$dUk
=042  \\$aukblsr
=082  04$a320.91638$221
=130  0\$aMediterranean politics (London, England : 1996)
=210  0\$aMediterr. polit.$b(Lond., 1996)
=222  \0$aMediterranean politics$b(London. 1996)
=245  10$aMediterranean politics.
=260  \\$aLondon :$bFrank Cass,$c1996-
=264  31$aAbingdon :$bTaylor & Francis
=300  \\$av. ;$c22 cm.
=310  \\$aThree issues yearly
=336  \\$atext$2rdacontent
=337  \\$aunmediated$2rdamedia
=338  \\$avolume$2rdacarrier
=362  0\$aVol. 1, no. 1 (summer 1996)-
=500  \\$aEditor: Richard Gillespie.
=540  \\$aCurrent copyright fee: GBP37.00$c2\0$5Uk
=580  \\$a"This new journal of Mediterranean politics ... replacing the yearbook of the same name which pioneered a Euro-Mediterranean focus on problems of the area."
=588  \\$aLatest issue consulted: volume 19, number 2 (July 2014).
=651  \0$aMediterranean Region$xPolitics and government$vPeriodicals.
=776  0\$tMediterranean politics (London, England : 1996 : Online)$x1743-9418
=780  00$tMediterranean politics (Yearbook)$x1354-2982
=852  41$aBritish Library$bDSC$j5534.742300$3Vol. 1, no. 1 (1996)-v. 16, no. 3 (2011)***UKRR Retained Title
=852  41$aBritish Library$bHMNTS$jZC.9.a.4660$3Vol. 1, no. 1 (summer 1996)-v. 20, no. 3 (Nov. 2015)***title now taken as electronic copy only
=856  \\$31850-9999$uhttp://www.tandfonline.com/$xBLDSS
=945  \\$aMEDITERRANEAN POLITICS -LONDON- FRANK CASS-.
=959  \\$fHeld but not currently received
=985  \\$aISSN responsibility taken by US ISSN Center, 11.09.2014.
=A02  \\$a2537482
=ACF  \\$aPrevious copyright fee: GBP17.00$c2\0$e01-jan-2010$fGBP17.00$g0$hP$5Uk
=ACF  \\$aPrevious copyright fee: GBP16.00$c2\0$e01-jan-2009$fGBP16.00$g0$hP$5Uk
=ACF  \\$aPrevious copyright fee: GBP15.00$c2\0$e01-apr-2008$fGBP15.00$g0$hP$5Uk
=ACF  \\$aPrevious copyright fee: GBP16.00$c2\0$e01-jan-2007$fGBP16.00$g0$hP$5Uk
=ACF  \\$aPrevious copyright fee: GBP13.00$c2\0$e01-jan-2005$fGBP13.00$g0$hP$5Uk
=ACF  \\$aPrevious copyright fee: GBP11.00$c2\0$e01-jan-2004$fGBP11.00$g0$hP$5Uk
=ACF  \\$aCurrent copyright fee: GBP5.00$c0$e01-jul-1999$fGBP5.00$g0$hC$5Uk
=ACF  \\$aCurrent copyright fee: GBP2.50$c0$e01-jul-1998$fGBP2.50$g0$hC$5Uk
=ACF  \\$aPrevious copyright fee: GBP21.00$c2\0$e01-jan-2011$fGBP21.00$g0$hP$5Uk
=ACF  \\$aPrevious copyright fee: GBP23.00$c2\0$e01-jan-2012$fGBP23.00$g0$hP$5Uk
=ACF  \\$aPrevious copyright fee: GBP23.50$c2\0$e01-jan-2013$fGBP23.50$g0$hP$5Uk
=ACF  \\$aPrevious copyright fee: GBP24.00$c2\0$e01-jan-2014$fGBP24.00$g0$hP$5Uk
=ACF  \\$aPrevious copyright fee: GBP25.00$c2\0$e01-jan-2015$fGBP25.00$g0$hP$5Uk
=ACF  \\$aPrevious copyright fee: GBP26.00$c2\0$e01-jan-2016$fGBP26.00$g0$hP$5Uk
=ACF  \\$aPrevious copyright fee: GBP28.00$c2\0$e01-jan-2017$fGBP28.00$g0$hP$5Uk
=ACF  \\$aPrevious copyright fee: GBP30.00$c2\0$e01-jan-2018$fGBP30.00$g0$hP$5Uk
=ACF  \\$aPrevious copyright fee: GBP32.00$c2\0$e01-jan-2019$fGBP32.00$g0$hP$5Uk
=ACF  \\$aPrevious copyright fee: GBP34.00$c2\0$e01-jan-2020$fGBP34.00$g0$hP$5Uk
=CAT  \\$aWR09-126
=CAT  \\$aIPL-CLA$c20131231$lBLL01$h2237
=CAT  \\$aBATCH-CLA$b00$c20140125$lBLL01$h1319
=CAT  \\$aBATCH-CLA$c20140225$lBLL01$h2317
=CAT  \\$aWR14_140$c20140905$lBLL01$h1752
=CAT  \\$a11205$b40$c20140909$lBLL01$h1158
=CAT  \\$a11313$b40$c20140911$lBLL01$h0829
=CAT  \\$aBATCH-UPD$b40$c20141124$lBLL01$h1801
=CAT  \\$aBLDSS-3PM$b00$c20141130$lBLL01$h1247
=CAT  \\$aIPL-CLA$c20141231$lBLL01$h1648
=CAT  \\$aBATCH-UPD$b00$c20151119$lBLL01$h1542
=CAT  \\$aIPL-CLA$c20151231$lBLL01$h1916
=CAT  \\$aBATCH-UPD$b00$c20160413$lBLL01$h1813
=CAT  \\$aBATCH-UPD$b00$c20161122$lBLL01$h1511
=CAT  \\$aBATCH-UPD$b00$c20161122$lBLL01$h1607
=CAT  \\$aIPL-CLA$c20161230$lBLL01$h2035
=CAT  \\$aBATCH-UPD$b00$c20171121$lBLL01$h1646
=CAT  \\$aIPL-CLA$c20171231$lBLL01$h1555
=CAT  \\$aBATCH-UPD$b00$c20181217$lBLL01$h1637
=CAT  \\$aIPL-CLA$c20181231$lBLL01$h1538
=CAT  \\$aBATCH-UPD$b00$c20191122$lBLL01$h1859
=CAT  \\$aIPL-CLA$c20191231$lBLL01$h1900
=CAT  \\$aBATCH-UPD$b00$c20201118$lBLL01$h1333
=CAT  \\$aIPL-CLA$c20201231$lBLL01$h1526
=CAT  \\$aBATCH-UPD$b00$c20221121$lBLL01$h1346
=CAT  \\$aIPL-CLA$c20221231$lBLL01$h1442
=CFI  0\$aCurrent copyright fee: GBP37.00$c2\0$e01-jan-2023$fGBP37.00$g0$hP$5Uk
=CFI  2\$aPrevious copyright fee: GBP35.00$c2\0$e01-jan-2021$fGBP35.00$g0$hP$5Uk
=FFP  \\$aY$bBLDSS-3PM
=FIN  \\$aY
=FMT  \\$a  SE
=LAS  \\$aIPL-CLA$b00$c20221231$lBLL01$h1442
=LEO  \\$aMP10.0000365349
=LEO  \\$aMP5.0000837978
=LEO  \\$aMP22.0000050068
=LKR  \\$aPAR$b013359468$lBLL01$r776$mMediterranean politics (London, England : 1996)$nMediterranean politics (London. Online)
=LKR  \\$aPAR$b007241036$lBLL01$r78000$mMediterranean politics (London, England : 1996)$nMediterranean politics (Yearbook)
=SRC  \\$aBNB03$bbibmp5.200404.2.ab
=SRC  \\$aISN01$bbibmp22.200404.2.aa
=SRC  \\$aDSS01$bbibmp10.200404.2.aa
=TCO  \\$aCLA$bCLA$c008
=TOC  \\$aETOC

