=LDR  05644cas a2201285 a 4500
=001  011759237
=003  Uk
=005  20230930080546.0
=007  ta
=008  990415c19989999enkmn\p\\\\\\\0\\\a0eng\\
=015  \\$aGB9921247$2bnb
=019  y\$ab9921247
=019  9\$ab9921247
=019  1\$ab9921247
=019  c\$a2558342
=022  0\$a1367-4676
=039  0\$a2532
=040  \\$aUk$cUk$dUk
=042  \\$aukblsr
=082  04$a306.461$221
=210  0\$aMent. health relig. cult.
=222  \0$aMental health, religion & culture
=245  00$aMental health, religion & culture.
=260  \\$aAbingdon :$bCarfax,$c1998-
=264  31$aAbingdon :$bRoutledge, Taylor & Francis Group
=300  \\$av. ;$c24 cm.
=310  \\$aTen issues a year
=321  \\$aTwo issues yearly
=336  \\$atext$2rdacontent
=337  \\$aunmediated$2rdamedia
=338  \\$avolume$2rdacarrier
=362  0\$aVol. 1, no. 1 (May 1998)-
=540  \\$aCurrent copyright fee: GBP37.00$c2\0$5Uk
=555  \\$aAnnual index in second issue of each v.
=588  \\$aLatest issue consulted: volume 17, numbers 5/6 (June/July 2014).
=595  \\$aDSC Print Copy Not Selected.
=650  \0$aMental health$xReligious aspects$vPeriodicals.
=650  \0$aMental health$xSocial aspects$vPeriodicals.
=650  \0$aSocial psychology$vPeriodicals.
=650  \0$aPsychiatry, Transcultural$vPeriodicals.
=690  7\$aSocial Welfare$2blcoll
=776  0\$tMental health, religion & culture (Online)$x1469-9737
=852  41$aBritish Library$bDSC$j5678.583780
=852  41$aBritish Library$bHMNTS$jZC.9.a.5218$3Vol. 1, no. 1 (May 1998)-v. 18, no. 9/10 (2015); wanting: v. 3, no. 2 (2000); v. 8, no. 3 (2005)***title now taken as electronic copy only
=856  \\$31850-9999$uhttp://www.tandfonline.com/$xBLDSS
=945  \\$aMENTAL HEALTH RELIGION AND CULTURE.
=963  \\$aVOL. 1, 1998- *A=1$bN$cU
=985  \\$aISSN note: responsibility for ISSN transferred from ISSN UK Centre to US ISSN Center under multinational publisher agreement. 19.06.14
=A02  \\$a2558342
=ACF  \\$aPrevious copyright fee: GBP17.00$c1\0$e01-jan-2010$fGBP17.00$g0$hP$5Uk
=ACF  \\$aPrevious copyright fee: GBP16.00$c1\0$e01-jan-2009$fGBP16.00$g0$hP$5Uk
=ACF  \\$aPrevious copyright fee: GBP15.00$c1\0$e01-apr-2008$fGBP15.00$g0$hP$5Uk
=ACF  \\$aPrevious copyright fee: GBP16.00$c1\0$e01-jan-2007$fGBP16.00$g0$hP$5Uk
=ACF  \\$aPrevious copyright fee: GBP13.00$c1\0$e01-jan-2005$fGBP13.00$g0$hP$5Uk
=ACF  \\$aPrevious copyright fee: GBP11.00$c1\0$e01-jan-2004$fGBP11.00$g0$hP$5Uk
=ACF  \\$aCurrent copyright fee: GBP10.00$c1\0$e23-may-2002$fGBP10.00$g0$hP$5Uk
=ACF  \\$aCurrent copyright fee: GBP4.40$c1\0$e11-sep-1998$fGBP4.40$g0$hA$5Uk
=ACF  \\$aPrevious copyright fee: GBP21.00$c1\0$e01-jan-2011$fGBP21.00$g0$hP$5Uk
=ACF  \\$aPrevious copyright fee: GBP23.00$c1\0$e01-jan-2012$fGBP23.00$g0$hP$5Uk
=ACF  \\$aPrevious copyright fee: GBP23.50$c1\0$e01-jan-2013$fGBP23.50$g0$hP$5Uk
=ACF  \\$aPrevious copyright fee: GBP24.00$c1\0$e01-jan-2014$fGBP24.00$g0$hP$5Uk
=ACF  \\$aPrevious copyright fee: GBP25.00$c1\0$e01-jan-2015$fGBP25.00$g0$hP$5Uk
=ACF  \\$aPrevious copyright fee: GBP26.00$c1\0$e01-jan-2016$fGBP26.00$g0$hP$5Uk
=ACF  \\$aPrevious copyright fee: GBP28.00$c1\0$e01-jan-2017$fGBP28.00$g0$hP$5Uk
=ACF  \\$aPrevious copyright fee: GBP30.00$c1\0$e01-jan-2018$fGBP30.00$g0$hP$5Uk
=ACF  \\$aPrevious copyright fee: GBP32.00$c1\0$e01-jan-2019$fGBP32.00$g0$hP$5Uk
=ACF  \\$aPrevious copyright fee: GBP34.00$c1\0$e01-jan-2020$fGBP34.00$g0$hP$5Uk
=ACF  \\$aPrevious copyright fee: GBP35.00$c1\0$e01-jan-2021$fGBP35.00$g0$hP$5Uk
=CAT  \\$aCONV$b00$c20040425$lBLL90$h0706
=CAT  \\$a11315$b40$c20140611$lBLL01$h1344
=CAT  \\$a11315$b40$c20140619$lBLL01$h0903
=CAT  \\$aBATCH-UPD$b40$c20141124$lBLL01$h1741
=CAT  \\$aBLDSS-3PM$b00$c20141130$lBLL01$h1247
=CAT  \\$aIPL-CLA$c20141231$lBLL01$h1648
=CAT  \\$aBATCH-UPD$b00$c20151119$lBLL01$h1520
=CAT  \\$aIPL-CLA$c20151231$lBLL01$h1916
=CAT  \\$aBATCH-UPD$b00$c20160413$lBLL01$h1814
=CAT  \\$aBATCH-UPD$b00$c20161122$lBLL01$h1443
=CAT  \\$aBATCH-UPD$b00$c20161122$lBLL01$h1446
=CAT  \\$aIPL-CLA$c20161230$lBLL01$h2036
=CAT  \\$a10969$b40$c20170123$lBLL01$h1629
=CAT  \\$a10969$b40$c20170123$lBLL01$h1631
=CAT  \\$aBATCH-UPD$b40$c20171121$lBLL01$h1623
=CAT  \\$aIPL-CLA$c20171231$lBLL01$h1556
=CAT  \\$aBATCH-UPD$b00$c20181217$lBLL01$h1628
=CAT  \\$aIPL-CLA$c20181231$lBLL01$h1538
=CAT  \\$aBATCH-UPD$b00$c20191122$lBLL01$h1841
=CAT  \\$aIPL-CLA$c20191231$lBLL01$h1901
=CAT  \\$aBATCH-UPD$b00$c20201118$lBLL01$h1323
=CAT  \\$aIPL-CLA$c20201231$lBLL01$h1526
=CAT  \\$aBATCH-UPD$b00$c20221121$lBLL01$h1319
=CAT  \\$aIPL-CLA$c20221231$lBLL01$h1442
=CAT  \\$aR2308-1440$c20230824$lBLL01$h0927
=CAT  \\$aIPL-CLA$c20230930$lBLL01$h0805
=CFI  0\$aCurrent copyright fee: GBP37.00$c2\0$e01-oct-2023$fGBP37.00$g0$hP$5Uk
=CFI  2\$aPrevious copyright fee: GBP37.00$c1\0$e01-jan-2023$fGBP37.00$g0$hP$5Uk
=FFP  \\$aY$bBLDSS-3PM
=FIN  \\$aY
=FMT  \\$a  SE
=LAS  \\$aIPL-CLA$b00$c20230930$lBLL01$h0805
=LEO  \\$aMP10.0000369006
=LEO  \\$aMP5.0001507403
=LEO  \\$aMP13.0000347471
=LEO  \\$aMP22.0000053878
=SRC  \\$aBNB03$bbibmp5.200404.2.ac
=SRC  \\$aHSS01$bbibmp13.200404.2.aa
=SRC  \\$aISN01$bbibmp22.200404.2.aa
=SRC  \\$aDSS01$bbibmp10.200404.2.aa
=TCO  \\$aCLA$bCLA$c008
=TOC  \\$aETOC

