=LDR  05818cas a2201309 a 4500
=001  011766660
=003  Uk
=005  20230930080549.0
=007  ta
=008  920110c19849999enkqr\p\\\\\\\0\\\a0eng\\
=015  \\$aGB9203844$2bnb
=019  y\$ab9203844
=019  9\$ab9203844
=019  1\$ab9203844
=019  c\$a2296608
=022  0\$a0963-9489$z0267-761X
=039  0\$a2173
=040  \\$aUk$beng$cUk$dUk
=041  0\$aeng$bfre
=042  \\$aukblsr
=082  04$a944$220
=210  0\$aMod. contemp. Fr.
=222  \0$aModern & contemporary France
=245  00$aModern & contemporary France.
=246  3\$aModern and contemporary France
=260  \\$a[England] :$bAssociation for the Study of Modern and Contemporary France,$c[1984]-
=264  31$aAbingdon :$bRoutledge Journals, Taylor & Francis
=300  \\$av. ;$c21 cm.
=310  \\$aQuarterly
=336  \\$atext$2rdacontent
=337  \\$aunmediated$2rdamedia
=338  \\$avolume$2rdacarrier
=500  \\$aDescription based on: No. 44 (Jan. 1991).
=540  \\$aCurrent copyright fee: GBP37.00$c2\0$5Uk
=546  \\$aText in English and French.
=588  \\$aLatest issue consulted: volume 22, number 3 (August 2014).
=595  \\$aFORMERLY 7785.9494N SEE ALSO SERIAL RECORDS LULS.
=651  \0$aFrance$vPeriodicals.
=653  1\$aFrance
=710  2\$aAssociation for the Study of Modern and Contemporary France (Great Britain)
=776  0\$tModern & contemporary France$c(Online)$x1469-9869
=780  00$tReview of Association for Modern & Contemporary France
=852  41$aBritish Library$bHMNTS$jZC.9.a.2949$3No. 44 (Jan. 1991)-v. 23, no. 4 (2015)***title now taken as electronic copy only
=852  41$aBritish Library$bDSC$j5883.605000$3No. 25 (1986)-v. 20, no. 1 (2012)***UKRR Retained Title
=856  \\$31850-9999$uhttp://www.tandfonline.com/$xBLDSS
=945  \\$aMODERN AND CONTEMPORARY FRANCE.
=959  \\$fHeld but not currently received
=963  \\$aNO. 20, 1984- 42, 1990 *A=1; NS: VOL. 1, [199?]- *A=1$bY$cL560.C.53
=985  \\$aISSN responsibility taken by US ISSN Center, 11.09.2014.
=A02  \\$a2296608
=ACF  \\$aPrevious copyright fee: GBP17.00$c1\0$e01-jan-2010$fGBP17.00$g0$hP$5Uk
=ACF  \\$aPrevious copyright fee: GBP16.00$c1\0$e01-jan-2009$fGBP16.00$g0$hP$5Uk
=ACF  \\$aPrevious copyright fee: GBP15.00$c1\0$e01-apr-2008$fGBP15.00$g0$hP$5Uk
=ACF  \\$aPrevious copyright fee: GBP16.00$c1\0$e01-jan-2007$fGBP16.00$g0$hP$5Uk
=ACF  \\$aPrevious copyright fee: GBP13.00$c1\0$e01-jan-2005$fGBP13.00$g0$hP$5Uk
=ACF  \\$aPrevious copyright fee: GBP11.00$c1\0$e01-jan-2004$fGBP11.00$g0$hP$5Uk
=ACF  \\$aCurrent copyright fee: GBP10.00$c1\0$e01-apr-2002$fGBP10.00$g0$hP$5Uk
=ACF  \\$aCurrent copyright fee: GBP9.00$c1\0$e01-jan-2000$fGBP9.00$g0$hP$5Uk
=ACF  \\$aPrevious copyright fee: GBP21.00$c1\0$e01-jan-2011$fGBP21.00$g0$hP$5Uk
=ACF  \\$aPrevious copyright fee: GBP23.00$c1\0$e01-jan-2012$fGBP23.00$g0$hP$5Uk
=ACF  \\$aPrevious copyright fee: GBP23.50$c1\0$e01-jan-2013$fGBP23.50$g0$hP$5Uk
=ACF  \\$aPrevious copyright fee: GBP24.00$c1\0$e01-jan-2014$fGBP24.00$g0$hP$5Uk
=ACF  \\$aPrevious copyright fee: GBP25.00$c1\0$e01-jan-2015$fGBP25.00$g0$hP$5Uk
=ACF  \\$aPrevious copyright fee: GBP26.00$c1\0$e01-jan-2016$fGBP26.00$g0$hP$5Uk
=ACF  \\$aPrevious copyright fee: GBP28.00$c1\0$e01-jan-2017$fGBP28.00$g0$hP$5Uk
=ACF  \\$aPrevious copyright fee: GBP30.00$c1\0$e01-jan-2018$fGBP30.00$g0$hP$5Uk
=ACF  \\$aPrevious copyright fee: GBP32.00$c1\0$e01-jan-2019$fGBP32.00$g0$hP$5Uk
=ACF  \\$aPrevious copyright fee: GBP34.00$c1\0$e01-jan-2020$fGBP34.00$g0$hP$5Uk
=ACF  \\$aPrevious copyright fee: GBP35.00$c1\0$e01-jan-2021$fGBP35.00$g0$hP$5Uk
=CAT  \\$aCONV$b00$c20040425$lBLL90$h0706
=CAT  \\$aBATCH-CLA$c20140225$lBLL01$h2317
=CAT  \\$aWR14_140$c20140905$lBLL01$h1753
=CAT  \\$a11205$b40$c20140909$lBLL01$h1129
=CAT  \\$a11313$b40$c20140911$lBLL01$h0827
=CAT  \\$aBATCH-UPD$b40$c20141124$lBLL01$h1741
=CAT  \\$aBLDSS-3PM$b00$c20141130$lBLL01$h1247
=CAT  \\$aIPL-CLA$c20141231$lBLL01$h1648
=CAT  \\$aBATCH-UPD$b00$c20151119$lBLL01$h1520
=CAT  \\$aIPL-CLA$c20151231$lBLL01$h1916
=CAT  \\$aBATCH-UPD$b00$c20160413$lBLL01$h1814
=CAT  \\$aBATCH-UPD$b00$c20161122$lBLL01$h1443
=CAT  \\$aBATCH-UPD$b00$c20161122$lBLL01$h1446
=CAT  \\$aIPL-CLA$c20161230$lBLL01$h2039
=CAT  \\$aBATCH-UPD$b00$c20171121$lBLL01$h1623
=CAT  \\$aIPL-CLA$c20171231$lBLL01$h1558
=CAT  \\$aBATCH-UPD$b00$c20181217$lBLL01$h1628
=CAT  \\$aIPL-CLA$c20181231$lBLL01$h1538
=CAT  \\$aBATCH-UPD$b00$c20191122$lBLL01$h1841
=CAT  \\$aIPL-CLA$c20191231$lBLL01$h1902
=CAT  \\$aBATCH-UPD$b00$c20201118$lBLL01$h1323
=CAT  \\$aIPL-CLA$c20201231$lBLL01$h1526
=CAT  \\$aBATCH-UPD$b00$c20221121$lBLL01$h1319
=CAT  \\$aIPL-CLA$c20221231$lBLL01$h1442
=CAT  \\$aR2308-1440$c20230824$lBLL01$h0927
=CAT  \\$aIPL-CLA$c20230930$lBLL01$h0805
=CFI  0\$aCurrent copyright fee: GBP37.00$c2\0$e01-oct-2023$fGBP37.00$g0$hP$5Uk
=CFI  2\$aPrevious copyright fee: GBP37.00$c1\0$e01-jan-2023$fGBP37.00$g0$hP$5Uk
=FFP  \\$aY$bBLDSS-3PM
=FIN  \\$aY
=FMT  \\$a  SE
=LAS  \\$aIPL-CLA$b00$c20230930$lBLL01$h0805
=LEO  \\$aMP5.0000796439
=LEO  \\$aMP13.0000312571
=LEO  \\$aMP22.0000036107
=LEO  \\$aMP10.0000378878
=LKR  \\$aPAR$b013358362$lBLL01$nModern & contemporary France (Online)$mModern & contemporary France$r776
=SRC  \\$aISN01$bbibmp22.200404.2.aa
=SRC  \\$aBNB03$bbibmp5.200404.2.ab
=SRC  \\$aHSS01$bbibmp13.200404.2.aa
=SRC  \\$aDSS01$bbibmp10.200404.2.aa
=TCO  \\$aCLA$bCLA$c008
=TOC  \\$aETOC

