=LDR  06171cas a2201417 a 4500
=001  011772412
=003  Uk
=005  20221231144258.0
=006  aa\\\|||||||||||||
=007  ta
=008  980529c19959999enkqr\p\\\\\\\0\\\a0eng\\
=015  \\$aGB9840232$2bnb
=019  c\$a2523890
=019  y\$ab9840232
=019  9\$ab9840232
=019  0\$as638906008
=022  0\$a1359-4338
=039  0\$a2493
=040  \\$aUk$cUk$dUk
=042  \\$aukblsr
=082  04$a006$221
=084  \\$aPM 558$2blsrissc
=130  0\$aVirtual reality (Godalming, England)
=210  0\$aVirtual real.$b(Walth. Cross)
=222  \0$aVirtual reality$b(Waltham Cross)
=245  10$aVirtual reality :$bresearch, development and applications.
=260  \\$aWaltham Cross :$bVirtual Press,$c1995-
=260  3\$aGodalming :$bSpringer-Verlag London
=300  \\$av. :$bill. ;$c28cm.
=310  \\$aQuarterly
=321  \\$aSemi-annual
=336  \\$atext$2rdacontent
=337  \\$aunmediated$2rdamedia
=338  \\$avolume$2rdacarrier
=500  \\$aOriginally published by Virtual Press.
=530  \\$aAlso available in microform.
=540  \\$aCurrent copyright fee: GBP29.95$c22\1$5Uk
=588  \\$aDescription based on: Vol.3, no.2 (1998).
=588  \\$aLatest issue consulted: volume 18, number 3 (2014).
=650  \0$aVirtual reality$vPeriodicals.
=650  \0$aHuman-computer interaction$vPeriodicals.
=650  \0$aCyberspace$vPeriodicals.
=710  2\$aVirtual Reality Society.
=776  0\$tVirtual reality (Godalming, England. Online)$x1434-9957
=852  41$aBritish Library$bDSC$j9240.727100$3Vol. 1 (1995)-v. 3, no. 3 (1998)
=852  71$aBritish Library$bSTI$k(P)$hPM 558$m-E(3)$2blsrissc$3Vol. 3 (1998)-v. 13, no. 1 (2009)
=856  \\$31850-9999$uhttp://www.springer.com/gb/$xBLDSS
=945  \\$aVIRTUAL REALITY -WALTHAM CROSS-.
=959  \\$fHeld but not currently received
=963  \\$aVOL. 3, 1998- *A=1$bN$cL431:1.B.1215
=985  \\$aRecord merged by DQ team
=985  \\$aISSN responsibility held by ISSN Germany - 22/04/09
=A02  \\$a2523890
=ACF  \\$aPrevious copyright fee: GBP21.25$c22\7$e01-jan-2009$fGBP21.25$g0$hP$5Uk
=ACF  \\$aPrevious copyright fee: GBP16.75$c22\7$e01-jan-2007$fGBP16.75$g0$hP$5Uk
=ACF  \\$aPrevious copyright fee: GBP16.22$c22\7$e01-oct-2006$fGBP16.22$g0$hP$5Uk
=ACF  \\$aPrevious copyright fee: GBP17.14$c22\7$e01-apr-2006$fGBP17.14$g0$hP$5Uk
=ACF  \\$aPrevious copyright fee: GBP16.67$c22\7$e01-jan-2006$fGBP16.67$g0$hP$5Uk
=ACF  \\$aPrevious copyright fee: GBP16.22$c22\7$e01-apr-2005$fGBP16.22$g0$hP$5Uk
=ACF  \\$aPrevious copyright fee: GBP16.67$c22\7$e01-jan-2005$fGBP16.67$g0$hP$5Uk
=ACF  \\$aPrevious copyright fee: GBP18.92$c22\7$e01-apr-2004$fGBP18.92$g0$hP$5Uk
=ACF  \\$aCurrent copyright fee: GBP20.58$c22\7$e01-jan-2004$fGBP20.58$g0$hP$5Uk
=ACF  \\$aCurrent copyright fee: GBP20.00$c22\7$e01-jan-2003$fGBP20.00$g0$hP$5Uk
=ACF  \\$aPrevious copyright fee: GBP22.00$c22\7$e01-apr-2009$fGBP22.00$g0$hP$5Uk
=ACF  \\$aPrevious copyright fee: GBP22.00$c22\7$e12-aug-2012$fGBP22.00$g0$hP$5Uk
=ACF  \\$aPrevious copyright fee: GBP25.00$c22\7$e01-jan-2013$fGBP25.00$g0$hP$5Uk
=ACF  \\$aPrevious copyright fee: GBP25.77$c22\7$e01-jul-2013$fGBP25.77$g0$hP$5Uk
=ACF  \\$aPrevious copyright fee: GBP24.97$c22\7$e01-jan-2014$fGBP24.97$g0$hP$5Uk
=ACF  \\$aPrevious copyright fee: GBP24.21$c22\7$e01-jul-2014$fGBP24.21$g0$hP$5Uk
=ACF  \\$aPrevious copyright fee: GBP25.77$c22\7$e01-apr-2015$fGBP25.77$g0$hP$5Uk
=ACF  \\$aPrevious copyright fee: GBP26.63$c22\7$e01-jul-2015$fGBP26.63$g0$hP$5Uk
=ACF  \\$aPrevious copyright fee: GBP25.77$c22\7$e01-oct-2015$fGBP25.77$g0$hP$5Uk
=ACF  \\$aPrevious copyright fee: GBP27.55$c22\7$e01-apr-2016$fGBP27.55$g0$hP$5Uk
=ACF  \\$aPrevious copyright fee: GBP29.59$c22\7$e01-oct-2016$fGBP29.59$g0$hP$5Uk
=ACF  \\$aPrevious copyright fee: GBP31.96$c22\7$e01-apr-2017$fGBP31.96$g0$hP$5Uk
=ACF  \\$aPrevious copyright fee: GBP30.73$c22\7$e01-oct-2017$fGBP30.73$g0$hP$5Uk
=ACF  \\$aPrevious copyright fee: GBP28.54$c22\7$e01-apr-2018$fGBP28.54$g0$hP$5Uk
=CAT  \\$aCONV$b00$c20040425$lBLL90$h0712
=CAT  \\$aBLDSS-3PM$b00$c20150103$lBLL01$h1042
=CAT  \\$a5110$b40$c20150120$lBLL01$h1140
=CAT  \\$aBATCH-UPD$b40$c20150219$lBLL01$h1752
=CAT  \\$aIPL-CLA$c20150331$lBLL01$h1630
=CAT  \\$aBATCH-UPD$b00$c20150520$lBLL01$h1756
=CAT  \\$aIPL-CLA$c20150630$lBLL01$h1641
=CAT  \\$aBATCH-UPD$b00$c20150820$lBLL01$h1844
=CAT  \\$aIPL-CLA$c20150930$lBLL01$h1757
=CAT  \\$aBATCH-UPD$b00$c20160217$lBLL01$h1735
=CAT  \\$aIPL-CLA$c20160331$lBLL01$h1717
=CAT  \\$aBATCH-UPD$b00$c20160413$lBLL01$h1814
=CAT  \\$aBATCH-UPD$b00$c20160524$lBLL01$h2208
=CAT  \\$aBATCH-UPD$b00$c20160525$lBLL01$h0008
=CAT  \\$aBATCH-UPD$b00$c20160824$lBLL01$h1801
=CAT  \\$aIPL-CLA$c20160930$lBLL01$h1556
=CAT  \\$aBATCH-UPD$b00$c20170216$lBLL01$h1850
=CAT  \\$aIPL-CLA$c20170331$lBLL01$h1838
=CAT  \\$aBATCH-UPD$b00$c20170904$lBLL01$h1859
=CAT  \\$aIPL-CLA$c20170929$lBLL01$h1722
=CAT  \\$aBATCH-UPD$b00$c20180223$lBLL01$h1732
=CAT  \\$aIPL-CLA$c20180331$lBLL01$h1612
=CAT  \\$aBATCH-UPD$b00$c20180524$lBLL01$h1720
=CAT  \\$aIPL-CLA$c20180630$lBLL01$h1913
=CAT  \\$aBATCH-UPD$b00$c20221121$lBLL01$h1358
=CAT  \\$aIPL-CLA$c20221231$lBLL01$h1442
=CFI  0\$aCurrent copyright fee: GBP29.95$c22\1$e01-jan-2023$fGBP29.95$g0$hP$5Uk
=CFI  2\$aPrevious copyright fee: GBP34.00$c22\1$e01-jul-2018$fGBP34.00$g0$hP$5Uk
=EST  \\$a2
=FFP  \\$aY$bBLDSS-3PM
=FIN  \\$aY
=FMT  \\$a  SE
=LAS  \\$aIPL-CLA$b00$c20221231$lBLL01$h1442
=LEO  \\$aMP22.0000047422
=LEO  \\$aMP5.0001499768
=LEO  \\$aMP25.0000322573
=LEO  \\$aMP10.0000602915
=SRC  \\$aISN01$bbibmp22.200404.2.aa
=SRC  \\$aBNB03$bbibmp5.200404.2.ac
=SRC  \\$aSRI01$bbibmp25.200404.2.aa
=SRC  \\$aDSS01$bbibmp10.200404.2.aa
=TCO  \\$aCLA$bCLA$c008
=TOC  \\$aETOC
=UNO  \\$aY

