=LDR  03659 as a2200937 a 4500
=001  011785391
=003  Uk
=005  20120201095230.0
=006  aac\\|||||||||||||
=007  ta
=008  980916d1997200uenkqr\p\\\\\\\0\\\a0eng\\
=015  \\$aGB9866724$2bnb
=019  c\$a1080710
=019  y\$ab9866724
=019  9\$ab9866724
=022  0\$a1369-0752
=039  0\$a2509
=040  \\$aUk$cUk$dUk
=082  04$a791.4561505$223
=222  \0$aXposé special
=245  00$aXposé special.
=260  \\$aManorville, N.Y. :$bVisual Imagination ;$aWest Drayton :$bComag [distributor],$c1997-
=300  \\$av. :$bcol. ill., col. ports. ;$c28 cm.
=310  \\$aQuarterly
=336  \\$atext$2rdacontent
=337  \\$aunmediated$2rdamedia
=338  \\$avolume$2rdacarrier
=362  0\$a1 (summer 1997)-
=540  \\$aBritish Library not licensed to copy$c0$5Uk
=595  \\$aSEE ALSO CARD INDEX.
=650  \0$aScience fiction television programs$vPeriodicals.
=852  41$aBritish Library$bHMNTS$jZK.9.a.5461
=945  \\$aXPOSE SPECIAL.
=979  \\$aBritish Library$bDSC$j9367.099850N
=985  \\$aISSN responsibility held by United States ISSN Centre - 18/7/06
=985  \\$aRecord merged by DQ team
=A02  \\$a1080710
=ACF  \\$aPrevious copyright fee: GBP9.00$c0$e01-apr-2010$fGBP9.00$g0$hA$5Uk
=ACF  \\$aPrevious copyright fee: GBP6.00$c0$e01-apr-2008$fGBP6.00$g0$hA$5Uk
=ACF  \\$aPrevious copyright fee: GBP5.00$c0$e10-jun-2003$fGBP5.00$g0$hA$5Uk
=ACF  \\$aPrevious copyright fee: GBP10.50$c0$e01-jan-2011$fGBP10.50$g0$hA$5Uk
=ACF  \\$aBritish Library not licensed to copy$c0$e07-sep-2011$hC$iTX$5Uk
=ACF  \\$aBritish Library not licensed to copy$c0$e01-jan-2013$hC$iCFP Excluded$5Uk
=ACF  \\$aBritish Library not licensed to copy$c0$e01-apr-2013$hC$iCFP Excluded$5Uk
=ACF  \\$aBritish Library not licensed to copy$c0$e01-jul-2013$hC$iCFP Excluded$5Uk
=CAT  \\$aCONV$b00$c20040425$lBLL90$h0712
=CAT  \\$aBATCH-UPD$b00$c20100331$lBLL01$h2311
=CAT  \\$aBATCH-UPD$b00$c20100401$lBLL01$h0234
=CAT  \\$aBATCH$b00$c20100401$lBLL01$h0536
=CAT  \\$aBATCH$b00$c20100401$lBLL01$h1607
=CAT  \\$aBATCH-UPD$b00$c20101124$lBLL01$h1930
=CAT  \\$aBATCH-UPD$b00$c20101125$lBLL01$h1158
=CAT  \\$aIPL-CLA$c20101231$lBLL01$h1447
=CAT  \\$aBATCH-UPD$b00$c20110907$lBLL01$h1821
=CAT  \\$aIPL-CLA$c20110908$lBLL01$h1736
=CAT  \\$a8201$b40$c20120201$lBLL01$h0952
=CAT  \\$aBATCH-CLA$b00$c20121109$lBLL01$h1743
=CAT  \\$aBATCH-CLA$b00$c20121130$lBLL01$h1241
=CAT  \\$aIPL-CLA$c20121231$lBLL01$h1305
=CAT  \\$aIPL-CLA$c20130102$lBLL01$h1720
=CAT  \\$aBATCH-CLA$b00$c20130228$lBLL01$h1709
=CAT  \\$aWR13.005$c20130323$lBLL01$h1226
=CAT  \\$aIPL-CLA$c20130331$lBLL01$h1052
=CAT  \\$a540_fix$c20130403$lBLL01$h2012
=CAT  \\$aBATCH-CLA$b00$c20130531$lBLL01$h1649
=CAT  \\$aIPL-CLA$c20130701$lBLL01$h0035
=CAT  \\$aBATCH-CLA$b00$c20130830$lBLL01$h1629
=CAT  \\$aIPL-CLA$c20130930$lBLL01$h1737
=CAT  \\$aBATCH-CLA$b00$c20131129$lBLL01$h1657
=CAT  \\$aIPL-CLA$c20131231$lBLL01$h2253
=CAT  \\$aWR14_140$c20140905$lBLL01$h1753
=CFI  0\$aBritish Library not licensed to copy$c0$e01-jan-2014$hC$iCFP Excluded$5Uk
=CFI  2\$aBritish Library not licensed to copy$c0$e01-oct-2013$hC$iCFP Excluded$5Uk
=FIN  \\$aY
=FMT  \\$a  SE
=LAS  \\$aWR14_140$b00$c20140905$lBLL01$h1753
=LEO  \\$aMP5.0001502624
=LEO  \\$aMP10.0000620954
=SRC  \\$aBNB03$bbibmp5.200404.2.ac
=SRC  \\$aDSS01$bbibmp10.200404.2.aa
=TCO  \\$aTRS$bCCC$c008

