=LDR  03560 as a22009133  4500
=001  011786312
=003  Uk
=005  20140226120111.0
=007  ta
=008  040410c19819999iluar\\\\\\\\\0\\\a0eng\\
=019  c\$a2206902
=019  0\$as512286000
=020  \\$a0815195265
=022  0\$a0271-7956
=040  \\$aUk$cUk$dUk
=082  04$a615/.4/05$219
=084  \\$aHB 21$2blsrissc
=084  \\$aHE 71$2blsrissc
=245  04$aThe Year book of clinical pharmacy.
=260  \\$aChicago ;$aLondon :$bYear Book Medical Publishers,$c1981-
=300  \\$av. :$bill., maps ;$c24cm.
=310  \\$aAnnual
=336  \\$atext$2rdacontent
=337  \\$aunmediated$2rdamedia
=338  \\$avolume$2rdacarrier
=362  0\$a1981-
=540  \\$aBritish Library not licensed to copy$c0$5Uk
=650  \0$aPharmacy$vPeriodicals.
=852  41$aBritish Library$bDSC$j9411.619500$31981 *A=1
=852  71$aBritish Library$bSTI$k(P)$hHB 21$m-E(15)$2blsrissc$31981
=945  \\$aYEARBOOK OF CLINICAL PHARMACY.
=959  \\$fHeld but not currently received
=963  \\$a1981 *A=1$bN$cP328.C.175
=985  \\$aRecord merged by DQ team
=985  \\$aISSN responsibility held by United States ISSN Centre - 18/7/06
=A02  \\$a2206902
=ACF  \\$aPrevious copyright fee: GBP9.00$c0$e01-apr-2010$fGBP9.00$g0$hA$5Uk
=ACF  \\$aPrevious copyright fee: GBP6.00$c0$e01-apr-2008$fGBP6.00$g0$hA$5Uk
=ACF  \\$aPrevious copyright fee: GBP5.00$c0$e01-jul-2002$fGBP5.00$g0$hA$5Uk
=ACF  \\$aCurrent copyright fee: GBP4.40$c0$e01-jul-1998$fGBP4.40$g0$hA$5Uk
=ACF  \\$aCurrent copyright fee: GBP4.20$c0$e01-apr-1997$fGBP4.20$g0$hA$5Uk
=ACF  \\$aPrevious copyright fee: GBP10.50$c0$e01-jan-2011$fGBP10.50$g0$hA$5Uk
=ACF  \\$aBritish Library not licensed to copy$c0$e07-sep-2011$hC$iTX$5Uk
=CAT  \\$aCONV$b00$c20040425$lBLL90$h0712
=CAT  \\$aBATCH-UPD$b00$c20080223$lBLL01$h2033
=CAT  \\$aBATCH-UPD$b00$c20080225$lBLL01$h2320
=CAT  \\$aBATCH-UPD$b00$c20080330$lBLL01$h0713
=CAT  \\$aBATCH-UPD$b00$c20080330$lBLL01$h1521
=CAT  \\$aBATCH$b00$c20080330$lBLL01$h2227
=CAT  \\$aBATCH$b00$c20091210$lBLL01$h0623
=CAT  \\$aBATCH$b00$c20091214$lBLL01$h0831
=CAT  \\$aBATCH$b00$c20091216$lBLL01$h0208
=CAT  \\$aBATCH-UPD$b00$c20100226$lBLL01$h0118
=CAT  \\$aBATCH-UPD$b00$c20100331$lBLL01$h2311
=CAT  \\$aBATCH-UPD$b00$c20100401$lBLL01$h0234
=CAT  \\$aBATCH$b00$c20100401$lBLL01$h0537
=CAT  \\$aBATCH$b00$c20100401$lBLL01$h1607
=CAT  \\$aBATCH-UPD$b00$c20101124$lBLL01$h1930
=CAT  \\$aBATCH-UPD$b00$c20101125$lBLL01$h1158
=CAT  \\$aIPL-CLA$c20101231$lBLL01$h1448
=CAT  \\$aBATCH-UPD$b00$c20110907$lBLL01$h1821
=CAT  \\$aIPL-CLA$c20110908$lBLL01$h1736
=CAT  \\$aBATCH-CLA$b00$c20121109$lBLL01$h1743
=CAT  \\$aWR13.005$c20130323$lBLL01$h1227
=CAT  \\$a8456$b40$c20140226$lBLL01$h1201
=CAT  \\$aBATCH-CLA$b00$c20140228$lBLL01$h1614
=CAT  \\$aIPL-CLA$c20140331$lBLL01$h1624
=CAT  \\$aBATCH-CLA$b00$c20140530$lBLL01$h1709
=CAT  \\$aIPL-CLA$c20140630$lBLL01$h1715
=CFI  0\$aBritish Library not licensed to copy$c0$e01-jul-2014$hC$iCFP Excluded$5Uk
=CFI  2\$aBritish Library not licensed to copy$c0$e01-apr-2014$hC$iCFP Excluded$5Uk
=FIN  \\$aY
=FMT  \\$a  SE
=LAS  \\$aIPL-CLA$b00$c20140630$lBLL01$h1715
=LEO  \\$aMP25.0000203030
=LEO  \\$aMP10.0000622300
=SRC  \\$aSRI01$bbibmp25.200404.2.aa
=SRC  \\$aDSS01$bbibmp10.200404.2.aa
=TCO  \\$aTRS$bCCC$c008

