=LDR  03923cas a22009977a 4500
=001  011786335
=003  Uk
=005  20211231154054.0
=007  ta
=008  040410d1936200uxxuar\p\\\\\\\0\\\a0eng\\
=019  c\$a2179904
=019  0\$as284699004
=022  0\$a0084-3717
=040  \\$aUk$cUk$dUk
=082  04$a617.6$221
=084  \\$aGX 50$2blsrissc
=222  \0$aThe Year book of dentistry
=245  04$aThe year book of dentistry.
=246  3\$aYearbook of dentistry
=246  17$aDentistry
=260  \\$aChicago ;$aSt. Louis :$bYear Book Publishers ;$aLondon :$bMosby,$c[1937]-
=300  \\$av. ;$c24 cm
=310  \\$aAnnual
=336  \\$atext$2rdacontent
=337  \\$aunmediated$2rdamedia
=338  \\$avolume$2rdacarrier
=362  0\$a1936-
=362  1\$aCeased in 2007?
=500  \\$aCeased in 2007?
=500  \\$aImprint varies
=540  \\$aCurrent copyright fee: GBP34.30$c5\1$5Uk
=595  \\$aSee also card index.
=650  \0$aDentistry$vPeriodicals
=852  41$aBritish Library$bDSC$j9411.625000$31936-2007***UKRR Retained Title***Stock Incomplete
=852  71$aBritish Library$bSTI$k(P)$hGX 50$m-E(36)$2blsrissc$31977-2007 ; Deficient: 1983
=856  \\$31850-9999$uhttp://www.elsevier.com/journals$xBLDSS
=945  \\$aYearbook of dentistry
=959  \\$fHeld but not currently received
=963  \\$a1972- *A=1$bN$cP308.D.6
=985  \\$aISSN responsibility held by United States ISSN Centre - 18/7/06
=ACF  \\$aPrevious copyright fee: GBP19.00$c5\9$e01-jan-2008$fGBP19.00$g0$hP$5Uk
=ACF  \\$aPrevious copyright fee: GBP18.00$c5\9$e01-apr-2004$fGBP18.00$g0$hP$5Uk
=ACF  \\$aCurrent copyright fee: GBP20.00$c5\9$e29-may-2003$fGBP20.00$g0$hP$5Uk
=ACF  \\$aCurrent copyright fee: GBP5.00$c0$e01-jul-2002$fGBP5.00$g0$hC$5Uk
=ACF  \\$aPrevious copyright fee: GBP20.00$c5\1$e01-jan-2009$fGBP20.00$g0$hP$5Uk
=ACF  \\$aPrevious copyright fee: GBP21.00$c5\1$e01-jan-2012$fGBP21.00$g0$hP$5Uk
=ACF  \\$aPrevious copyright fee: GBP22.50$c5\1$e01-jan-2013$fGBP22.50$g0$hP$5Uk
=ACF  \\$aPrevious copyright fee: GBP23.40$c5\1$e01-jan-2018$fGBP23.40$g0$hP$5Uk
=CAT  \\$aCONV$b00$c20040425$lBLL90$h0712
=CAT  \\$aBATCH-UPD$b00$c20081231$lBLL01$h2302
=CAT  \\$aBATCH-UPD$b00$c20090101$lBLL01$h0038
=CAT  \\$aBATCH$b00$c20090101$lBLL01$h0213
=CAT  \\$a10997$b40$c20090421$lBLL01$h1454
=CAT  \\$a10997$b40$c20090421$lBLL01$h1537
=CAT  \\$a8464$b40$c20090422$lBLL01$h1205
=CAT  \\$a8464$b40$c20090422$lBLL01$h1206
=CAT  \\$a7792$b40$c20100708$lBLL01$h1108
=CAT  \\$aWR11_155$c20111021$lBLL01$h1330
=CAT  \\$aWR11_155$c20111114$lBLL01$h1647
=CAT  \\$aBATCH-UPD$b00$c20111123$lBLL01$h1851
=CAT  \\$aIPL-CLA$c20111230$lBLL01$h1953
=CAT  \\$aBATCH-CLA$b00$c20121109$lBLL01$h1743
=CAT  \\$aBATCH-UPD$b00$c20121121$lBLL01$h1655
=CAT  \\$aIPL-CLA$c20121231$lBLL01$h1305
=CAT  \\$aIPL-CLA$c20130102$lBLL01$h1720
=CAT  \\$aBLDSS-3PM$b00$c20141222$lBLL01$h1712
=CAT  \\$aBATCH-UPD$b00$c20160413$lBLL01$h1814
=CAT  \\$aBATCH-UPD$b00$c20170725$lBLL01$h2118
=CAT  \\$aBATCH-UPD$b00$c20171121$lBLL01$h1741
=CAT  \\$aIPL-CLA$c20171231$lBLL01$h1604
=CAT  \\$aBATCH-UPD$b00$c20190521$lBLL01$h1433
=CAT  \\$aIPL-CLA$c20190630$lBLL01$h1530
=CAT  \\$aBATCH-UPD$b00$c20211119$lBLL01$h1551
=CAT  \\$aIPL-CLA$c20211231$lBLL01$h1540
=CFI  0\$aCurrent copyright fee: GBP34.30$c5\1$e01-jan-2022$fGBP34.30$g0$hP$5Uk
=CFI  2\$aPrevious copyright fee: GBP32.84$c5\1$e01-jul-2019$fGBP32.84$g0$hP$5Uk
=FFP  \\$aY$bBLDSS-3PM
=FIN  \\$aY
=FMT  \\$a  SE
=LAS  \\$aIPL-CLA$b00$c20211231$lBLL01$h1540
=LEO  \\$aMP10.0000622327
=LEO  \\$aMP25.0000122846
=SRC  \\$aSRI01$bbibmp25.200404.2.aa
=SRC  \\$aDSS01$bbibmp10.200404.2.aa
=TCO  \\$aTRS$bCCC$c008
=TOC  \\$aETOC

