=LDR  04183cas a2200997 a 4500
=001  011786336
=003  Uk
=005  20211231171602.0
=007  ta
=008  780628d19601997xxuar\p\\\\\\\0\\\a0eng\\
=019  c\$a2179905
=019  0\$as285713000
=022  0\$a0093-3619
=040  \\$aUk$cUk$dUk
=082  04$a616.5$219
=084  \\$aGU 82$2blsrissc
=210  0\$aYear b. dermatol.
=222  \4$aThe Year book of dermatology
=245  04$aThe year book of dermatology.
=260  \\$aChicago ;$aLondon :$bYear Book Medical Publishers,$c1960-1997.
=300  \\$av. :$bill. ;$c24 cm.
=310  \\$aAnnual
=336  \\$atext$2rdacontent
=337  \\$aunmediated$2rdamedia
=338  \\$avolume$2rdacarrier
=540  \\$aCurrent copyright fee: GBP34.30$c5\1$5Uk
=595  \\$aFORMERLY 9411.6283 CONTD AS 9411.6282 1998-
=650  \0$aDermatology$vPeriodicals.
=650  \0$aSyphilis$vPeriodicals.
=780  00$tYear book of dermatology and syphilology$x0093-3627
=785  00$tThe year book of dermatology and dermatologic surgery
=852  41$aBritish Library$bDSC$j9411.628000$31959-1997***UKRR Retained Title
=852  71$aBritish Library$bSTI$k(P)$hGU 82$m-E(19)$2blsrissc$31977-1997.
=856  \\$31850-9999$uhttp://www.elsevier.com/journals$xBLDSS
=945  \\$aYEARBOOK OF DERMATOLOGY.
=959  \\$fHeld but not currently received
=963  \\$aCA/M-7 1967- 1968 *A=1; 1970- 1971 *A=1; 1976 *A=1; 1978- 1982 *A=1; 1997 *A=1$bN
=985  \\$aRecord merged by DQ team
=985  \\$aISSN responsibility held by United States ISSN Centre - from 4/5/1978
=A02  \\$a2179905
=ACF  \\$aPrevious copyright fee: GBP19.00$c5\9$e01-jan-2008$fGBP19.00$g0$hP$5Uk
=ACF  \\$aPrevious copyright fee: GBP18.00$c5\9$e01-apr-2004$fGBP18.00$g0$hP$5Uk
=ACF  \\$aCurrent copyright fee: GBP20.00$c5\9$e29-may-2003$fGBP20.00$g0$hP$5Uk
=ACF  \\$aCurrent copyright fee: GBP5.00$c0$e01-jul-2002$fGBP5.00$g0$hA$5Uk
=ACF  \\$aPrevious copyright fee: GBP20.00$c5\1$e01-jan-2009$fGBP20.00$g0$hP$5Uk
=ACF  \\$aPrevious copyright fee: GBP21.00$c5\1$e01-jan-2012$fGBP21.00$g0$hP$5Uk
=ACF  \\$aPrevious copyright fee: GBP22.50$c5\1$e01-jan-2013$fGBP22.50$g0$hP$5Uk
=ACF  \\$aPrevious copyright fee: GBP23.40$c5\1$e01-jan-2018$fGBP23.40$g0$hP$5Uk
=CAT  \\$aCONV$b00$c20040425$lBLL90$h0712
=CAT  \\$a8201$b40$c20081120$lBLL01$h1433
=CAT  \\$aBATCH-UPD$b40$c20081231$lBLL01$h2302
=CAT  \\$aBATCH-UPD$b40$c20090101$lBLL01$h0038
=CAT  \\$aBATCH$b00$c20090101$lBLL01$h0213
=CAT  \\$aBATCH$b00$c20091210$lBLL01$h0623
=CAT  \\$aBATCH$b00$c20091214$lBLL01$h0831
=CAT  \\$aBATCH$b00$c20091216$lBLL01$h0208
=CAT  \\$aWR11_155$c20111021$lBLL01$h1330
=CAT  \\$aWR11_155$c20111114$lBLL01$h1647
=CAT  \\$aBATCH-UPD$b00$c20111123$lBLL01$h1851
=CAT  \\$aIPL-CLA$c20111230$lBLL01$h1953
=CAT  \\$aBATCH-CLA$b00$c20121109$lBLL01$h1743
=CAT  \\$aBATCH-UPD$b00$c20121121$lBLL01$h1655
=CAT  \\$aIPL-CLA$c20121231$lBLL01$h1305
=CAT  \\$aIPL-CLA$c20130102$lBLL01$h1720
=CAT  \\$aWR13.005$c20130323$lBLL01$h1227
=CAT  \\$aBLDSS-3PM$b00$c20141222$lBLL01$h1712
=CAT  \\$aBATCH-UPD$b00$c20160413$lBLL01$h1814
=CAT  \\$a5410$b40$c20160816$lBLL01$h1343
=CAT  \\$aBATCH-UPD$b40$c20171121$lBLL01$h1741
=CAT  \\$aIPL-CLA$c20171231$lBLL01$h1604
=CAT  \\$aBATCH-UPD$b00$c20190521$lBLL01$h1433
=CAT  \\$aIPL-CLA$c20190630$lBLL01$h1530
=CAT  \\$aBATCH-UPD$b00$c20211119$lBLL01$h1551
=CAT  \\$aIPL-CLA$c20211231$lBLL01$h1716
=CFI  0\$aCurrent copyright fee: GBP34.30$c5\1$e01-jan-2022$fGBP34.30$g0$hP$5Uk
=CFI  2\$aPrevious copyright fee: GBP32.84$c5\1$e01-jul-2019$fGBP32.84$g0$hP$5Uk
=FFP  \\$aY$bBLDSS-3PM
=FIN  \\$aY
=FMT  \\$a  SE
=LAS  \\$aIPL-CLA$b00$c20211231$lBLL01$h1716
=LEO  \\$aMP25.0000123891
=LEO  \\$aMP10.0000622329
=LKR  \\$aPAR$b007075283$lBLL01$r78500$mThe Year book of dermatology$nThe year book of dermatology and dermatologic surgery.
=SRC  \\$aSRI01$bbibmp25.200404.2.aa
=SRC  \\$aDSS01$bbibmp10.200404.2.aa
=TCO  \\$aTRS$bCCC$c008

