=LDR  04527 as a2201153 a 4500
=001  011786596
=003  Uk
=005  20200123090344.0
=007  ta
=008  040410c19859999enkmr\p\\\\\\\0\\\a0eng\\
=015  \\$aGB8618049$2bnb
=019  c\$a2271529
=019  0\$as535037007
=019  y\$ab8618049
=019  9\$ab8618049
=022  0\$a0749-503X
=039  0\$a1894
=040  \\$aUk$cUk$dUk
=050  00$aQK617.5
=082  04$a579.562$221
=084  \\$aDA 74$2blsrissc
=084  \\$aDD 94$2blsrissc
=084  \\$aKH 63$2blsrissc
=130  0\$aYeast (Chichester, England)
=210  0\$aYeast$b(Chichester Engl., Print)
=222  \0$aYeast$b(Chichester, England. Print)
=245  10$aYeast.
=260  \\$aChichester :$bWiley,$c1985-
=300  \\$av. :$bill. ;$c26 cm.
=310  \\$aMonthly
=336  \\$atext$2rdacontent
=337  \\$aunmediated$2rdamedia
=338  \\$avolume$2rdacarrier
=500  \\$aVol. 17, no. 1-4 (2000) issues have title: Comparative and functional genomics.
=540  \\$aCurrent Copyright Fee: GBP39.00$c35\0$5Uk
=650  \0$aYeast fungi.
=653  \\$aYeasts
=776  0\$tYeast (Chichester, England : Online)$x1097-0061
=852  41$aBritish Library$bDSC$j9417.976000$3Vol. 1, issue 1 (1985)-v. 25, Issue 12 (2008)***UKRR Retained Title***Stock Incomplete
=852  71$aBritish Library$bSTI$k(P)$hDA 74$m-E(7)$2blsrissc$3Vol. 1 (1985)-v. 30, no. 4 (2013)***title now taken as electronic copy only
=856  \\$31850-9999$uhttp://onlinelibrary.wiley.com/$xBLDSS
=945  \\$aYeast -Chichester-
=959  \\$fHeld but not currently received
=963  \\$aCA/U-2 Vol. 1 (1985)-$bY
=979  \\$aBritish Library$bDSC$j9417.976000N
=985  \\$aRecord merged by SUNCAT team
=985  \\$aISSN responsibility held by United States ISSN Centre - 5/1/07
=A02  \\$a2271529
=ACF  \\$aPrevious Copyright Fee: GBP20.00$c0$e01-jan-2005$fGBP20.00$g0$hC$5Uk
=ACF  \\$aPrevious Copyright Fee: GBP20.00$c0$e01-oct-2004$fGBP20.00$g0$hC$5Uk
=ACF  \\$aPrevious copyright fee: GBP20.00$c0$e01-oct-2001$fGBP20.00$g0$hC$5Uk
=ACF  \\$aCurrent copyright fee: GBP12.00$c0$e01-jul-1999$fGBP12.00$g0$hC$5Uk
=ACF  \\$aCurrent copyright fee: GBP10.94$c0$e01-apr-1999$fGBP10.94$g0$h@$5Uk
=ACF  \\$aPrevious Copyright Fee: GBP17.00$c35\0$e01-apr-2005$fGBP17.00$g0$hP$5Uk
=ACF  \\$aPrevious copyright fee: GBP22.00$c35\0$e01-jan-2011$fGBP22.00$g0$hP$5Uk
=ACF  \\$aPrevious copyright fee: GBP24.00$c35\0$e01-mar-2015$fGBP24.00$g0$hP$5Uk
=CAT  \\$aCONV$b00$c20040425$lBLL90$h0712
=CAT  \\$aBATCH$b00$c20081124$lBLL01$h1129
=CAT  \\$aBATCH$b00$c20091210$lBLL01$h0623
=CAT  \\$aBATCH$b00$c20091214$lBLL01$h0831
=CAT  \\$aBATCH$b00$c20091216$lBLL01$h0208
=CAT  \\$aBATCH-UPD$b00$c20101116$lBLL01$h1334
=CAT  \\$aIPL-CLA$c20101231$lBLL01$h1448
=CAT  \\$aBATCH-UPD$b00$c20120614$lBLL01$h2125
=CAT  \\$a8456$b40$c20120810$lBLL01$h1356
=CAT  \\$aBATCH-CLA$b00$c20121109$lBLL01$h1743
=CAT  \\$aBATCH-CLA$b00$c20130526$lBLL01$h1618
=CAT  \\$aBATCH-CLA$b00$c20140125$lBLL01$h1318
=CAT  \\$aBATCH-CLA$c20140225$lBLL01$h2318
=CAT  \\$aWR14_140$c20140905$lBLL01$h1753
=CAT  \\$aBLDSS-3PM$b00$c20141214$lBLL01$h1521
=CAT  \\$aBATCH-UPD$b00$c20150215$lBLL01$h1654
=CAT  \\$aIPL-CLA$c20150228$lBLL01$h2045
=CAT  \\$aBATCH-UPD$b00$c20160413$lBLL01$h1814
=CAT  \\$aBATCH-UPD$b00$c20170725$lBLL01$h2119
=CAT  \\$aBATCH-UPD$b00$c20180219$lBLL01$h1744
=CAT  \\$aBATCH-UPD$b00$c20181121$lBLL01$h1620
=CAT  \\$aIPL-CLA$c20181231$lBLL01$h1538
=CAT  \\$aR1911-0245$c20191127$lBLL01$h0945
=CAT  \\$aR1911-0245$c20191127$lBLL01$h1044
=CAT  \\$aIPL-CLA$c20191231$lBLL01$h1907
=CAT  \\$a5410$b40$c20200123$lBLL01$h0903
=CFI  0\$aCurrent Copyright Fee: GBP39.00$c35\0$e01-jan-2020$fGBP39.00$g0$hP$5Uk
=CFI  2\$aPrevious copyright fee: GBP28.00$c35\0$e01-jan-2019$fGBP28.00$g0$hP$5Uk
=FFP  \\$aY$bBLDSS-3PM
=FIN  \\$aY
=FMT  \\$a  SE
=LAS  \\$a5410$b40$c20200123$lBLL01$h0903
=LEO  \\$aMP5.0000758216
=LEO  \\$aMP10.0000622677
=LEO  \\$aMP25.0000226319
=LKR  \\$aPAR$b013356598$lBLL01$r776$mYEAST$nYeast (Chichester, England. Online)
=SRC  \\$aBNB03$bbibmp5.200404.2.ab
=SRC  \\$aSRI01$bbibmp25.200404.2.aa
=SRC  \\$aDSS01$bbibmp10.200404.2.aa
=TCO  \\$aCLA$bCLA$c008
=TCO  \\$aTRS$bCCC$c008
=TOC  \\$aETOC
=UNO  \\$aY

