=LDR  03593 as a22008533  4500
=001  011787384
=003  Uk
=005  20210930164806.0
=008  810826c19uu9999njuuu\m\\\\\\\0\\\a0eng\\
=019  c\$a2230699
=022  0\$a0261-4480
=040  \\$aUk$cUk
=210  0\$aYrjö Jahnsson lect.
=222  \0$aYrjö Jahnsson lectures
=245  00$aYrjö Jahnsson lectures
=260  \\$aOxford :$bBasil Blackwell.
=264  31$aPrinceton, New Jersey :$bPrinceton University Press
=336  \\$atext$2rdacontent
=337  \\$aunmediated$2rdamedia
=338  \\$avolume$2rdacarrier
=540  \\$aBritish Library not licensed to copy$c0$5Uk
=588  \\$aLatest issue consulted: monograph entitled 'Pillars of prosperity', published 2011.
=852  41$aBritish Library$bDSC$j9421.607000$31970 *A=1; 1973 *A=1; 1978 *A=1; 1980 *A=1; 1989 *A=1
=945  \\$aYrjö Jahnsson lectures
=959  \\$fHeld but not currently received
=985  \\$aCorrected by BSS-generated file for WR# 10/166
=985  \\$aISSN UK Centre note: responsibility transferred to US Center 10.1.18.
=A02  \\$a2230699
=ACF  \\$aPrevious copyright fee: GBP5.00$c0$e01-jul-2002$fGBP5.00$g0$hC$5Uk
=ACF  \\$aCurrent copyright fee: GBP4.40$c0$e01-jul-1998$fGBP4.40$g0$hA$5Uk
=ACF  \\$aCurrent copyright fee: GBP4.20$c0$e01-apr-1997$fGBP4.20$g0$hA$5Uk
=ACF  \\$aPrevious copyright fee: GBP10.50$c0$e01-jan-2011$fGBP10.50$g0$hA$5Uk
=ACF  \\$aPrevious copyright fee: GBP12.00$c0$e01-jan-2012$fGBP12.00$g0$hA$5Uk
=ACF  \\$aPrevious Copyright Fee: GBP12.30$c0$e01-jan-2014$fGBP12.30$g0$hA$5Uk
=ACF  \\$aPrevious Copyright Fee: GBP15.00$c0$e01-jan-2017$fGBP15.00$g0$hA$5Uk
=ACF  \\$aPrevious Copyright Fee: GBP17.50$c0$e01-jan-2018$fGBP17.50$g0$hA$5Uk
=ACF  \\$aPrevious Copyright Fee: GBP20.00$c0$e01-jan-2020$fGBP20.00$g0$hA$5Uk
=CAT  \\$aCONV$b00$c20040425$lBLL90$h0712
=CAT  \\$aBLSS-CORR$b00$c20101119$lBLL01$h1722
=CAT  \\$aBATCH-UPD$b00$c20101201$lBLL01$h1243
=CAT  \\$aIPL-CLA$c20101231$lBLL01$h1448
=CAT  \\$aWR11_203$c20111204$lBLL01$h1453
=CAT  \\$aIPL-CLA$c20111230$lBLL01$h1953
=CAT  \\$aBATCH-CLA$b00$c20121109$lBLL01$h1743
=CAT  \\$aWR13.005$c20130323$lBLL01$h1227
=CAT  \\$aBATCH-CLA$c20131220$lBLL01$h1959
=CAT  \\$aIPL-CLA$c20131231$lBLL01$h2254
=CAT  \\$aBATCH-CLA$b00$c20161222$lBLL01$h1753
=CAT  \\$aIPL-CLA$c20161230$lBLL01$h2047
=CAT  \\$a10973$b40$c20171204$lBLL01$h1326
=CAT  \\$a10973$b40$c20171204$lBLL01$h1329
=CAT  \\$a10973$b40$c20171204$lBLL01$h1413
=CAT  \\$a10973$b40$c20171204$lBLL01$h1438
=CAT  \\$aBATCH-CLA$b00$c20171222$lBLL01$h2111
=CAT  \\$aIPL-CLA$c20171231$lBLL01$h1604
=CAT  \\$a10973$b40$c20180110$lBLL01$h1204
=CAT  \\$aBATCH-CLA$b00$c20191219$lBLL01$h1721
=CAT  \\$aIPL-CLA$c20191231$lBLL01$h1907
=CAT  \\$aR2001-1524$c20200127$lBLL01$h1956
=CAT  \\$aBATCH-CLA$b00$c20201204$lBLL01$h1521
=CAT  \\$aIPL-CLA$c20201231$lBLL01$h2127
=CAT  \\$aBATCH-CLA$b00$c20210917$lBLL01$h1606
=CAT  \\$aIPL-CLA$c20210930$lBLL01$h1648
=CFI  0\$aBritish Library not licensed to copy$c0$e01-oct-2021$hC$iCFP Excluded$5Uk
=CFI  2\$aPrevious Copyright Fee: GBP22.50$c0$e01-jan-2021$fGBP22.50$g0$hA$5Uk
=FIN  \\$aY
=FMT  \\$a  SE
=LAS  \\$aIPL-CLA$b00$c20210930$lBLL01$h1648
=LEO  \\$aMP10.0000623786
=LEO  \\$aMP22.0000009408
=MIS  \\$ak-sep
=SRC  \\$aDSS01$bbibmp10.200404.2.aa
=SRC  \\$aISN01$bbibmp22.200404.2.aa
=TCO  \\$aCLA$bCLA$c008

