=LDR  05558cas a2201297 a 4500
=001  011810692
=003  Uk
=005  20230930080554.0
=006  aab\\|||||||||||||
=007  ta
=008  860415c19869999enkbx\p\\\\\\\0\\\a0eng\\
=015  \\$aGB8715738$2bnb
=019  y\$ab8715738
=019  9\$ab8715738
=019  c\$a2306850
=019  1\$ab8715738
=022  0\$a0267-3037
=039  0\$a1930
=040  \\$aUk$beng$cUk$dUk
=042  \\$aukblsr
=050  00$aHD7287
=082  04$a307.336$219
=210  0\$aHous. stud.$b(Print)
=222  \0$aHousing studies$b(Print)
=245  00$aHousing studies.
=260  \\$aHarlow :$bLongman,$c1986-
=264  31$aAbingdon :$bTaylor & Francis
=300  \\$av. :$bill., maps ;$c25 cm.
=310  \\$aEight times a year,$b2011-
=321  \\$aBimonthly,$b1998-2010
=321  \\$aQuarterly,$b1986-1997
=336  \\$atext$2rdacontent
=337  \\$aunmediated$2rdamedia
=338  \\$avolume$2rdacarrier
=362  0\$aVol. 1, no. 1 (Jan. 1986)-
=540  \\$aCurrent copyright fee: GBP37.00$c2\0$5Uk
=588  \\$aLatest issue consulted: volume 28, number 6 (September 2013).
=650  \0$aHousing$vPeriodicals.
=653  \\$aHousing$aSocioeconomic aspects$aSerials
=690  7\$aSocial Welfare$2blcoll
=776  0\$tHousing studies (Online)$x1466-1810
=852  41$aBritish Library$bDSC$j4335.152130$3Vol. 1, no. 1 (1986)-v. 26, no. 8 (2011)***UKRR Retained Title
=852  41$aBritish Library$bHMNTS$jZC.9.A.621$3Vol. 1, no. 1 (1986)-v. 30, no. 8 (2015)***Title now taken as electronic copy only
=856  \\$31850-9999$uhttp://www.tandfonline.com/$xBLDSS
=945  \\$aHousing studies.
=959  \\$fHeld but not currently received
=963  \\$aVOL. 1, 1986- *A=1$bY$cL437.C.378
=985  \\$aISSN responsibility taken by US ISSN Center (multinational publisher), November 4 2013.
=A02  \\$a2306850
=ACF  \\$aPrevious copyright fee: GBP17.00$c1\0$e01-jan-2010$fGBP17.00$g0$hP$5Uk
=ACF  \\$aPrevious copyright fee: GBP16.00$c1\0$e01-jan-2009$fGBP16.00$g0$hP$5Uk
=ACF  \\$aPrevious copyright fee: GBP15.00$c1\0$e01-apr-2008$fGBP15.00$g0$hP$5Uk
=ACF  \\$aPrevious copyright fee: GBP16.00$c1\0$e01-jan-2007$fGBP16.00$g0$hP$5Uk
=ACF  \\$aPrevious copyright fee: GBP13.00$c1\0$e01-jan-2005$fGBP13.00$g0$hP$5Uk
=ACF  \\$aPrevious copyright fee: GBP11.00$c1\0$e01-jan-2004$fGBP11.00$g0$hP$5Uk
=ACF  \\$aCurrent copyright fee: GBP10.00$c1\0$e01-apr-2002$fGBP10.00$g0$hP$5Uk
=ACF  \\$aCurrent copyright fee: GBP9.00$c1\0$e01-jan-2000$fGBP9.00$g0$hP$5Uk
=ACF  \\$aPrevious copyright fee: GBP21.00$c1\0$e01-jan-2011$fGBP21.00$g0$hP$5Uk
=ACF  \\$aPrevious copyright fee: GBP23.00$c1\0$e01-jan-2012$fGBP23.00$g0$hP$5Uk
=ACF  \\$aPrevious copyright fee: GBP23.50$c1\0$e01-jan-2013$fGBP23.50$g0$hP$5Uk
=ACF  \\$aPrevious copyright fee: GBP24.00$c1\0$e01-jan-2014$fGBP24.00$g0$hP$5Uk
=ACF  \\$aPrevious copyright fee: GBP25.00$c1\0$e01-jan-2015$fGBP25.00$g0$hP$5Uk
=ACF  \\$aPrevious copyright fee: GBP26.00$c1\0$e01-jan-2016$fGBP26.00$g0$hP$5Uk
=ACF  \\$aPrevious copyright fee: GBP28.00$c1\0$e01-jan-2017$fGBP28.00$g0$hP$5Uk
=ACF  \\$aPrevious copyright fee: GBP30.00$c1\0$e01-jan-2018$fGBP30.00$g0$hP$5Uk
=ACF  \\$aPrevious copyright fee: GBP32.00$c1\0$e01-jan-2019$fGBP32.00$g0$hP$5Uk
=ACF  \\$aPrevious copyright fee: GBP34.00$c1\0$e01-jan-2020$fGBP34.00$g0$hP$5Uk
=ACF  \\$aPrevious copyright fee: GBP35.00$c1\0$e01-jan-2021$fGBP35.00$g0$hP$5Uk
=CAT  \\$aCONV$b00$c20040425$lBLL90$h0725
=CAT  \\$aBATCH-CLA$b00$c20140125$lBLL01$h1320
=CAT  \\$aBATCH-CLA$c20140225$lBLL01$h2318
=CAT  \\$aWR14_140$c20140905$lBLL01$h1753
=CAT  \\$aBATCH-UPD$b00$c20141124$lBLL01$h1741
=CAT  \\$aBLDSS-3PM$b00$c20141130$lBLL01$h1247
=CAT  \\$aIPL-CLA$c20141231$lBLL01$h1648
=CAT  \\$aBATCH-UPD$b00$c20151119$lBLL01$h1520
=CAT  \\$aIPL-CLA$c20151231$lBLL01$h1917
=CAT  \\$a5110$b40$c20160108$lBLL01$h1317
=CAT  \\$aBATCH-UPD$b40$c20160413$lBLL01$h1814
=CAT  \\$aBATCH-UPD$b40$c20161122$lBLL01$h1443
=CAT  \\$aBATCH-UPD$b40$c20161122$lBLL01$h1447
=CAT  \\$aIPL-CLA$c20161230$lBLL01$h2048
=CAT  \\$aBATCH-UPD$b00$c20171121$lBLL01$h1623
=CAT  \\$aIPL-CLA$c20171231$lBLL01$h1605
=CAT  \\$aBATCH-UPD$b00$c20181217$lBLL01$h1628
=CAT  \\$aIPL-CLA$c20181231$lBLL01$h1538
=CAT  \\$aBATCH-UPD$b00$c20191122$lBLL01$h1841
=CAT  \\$aIPL-CLA$c20191231$lBLL01$h1908
=CAT  \\$aBATCH-UPD$b00$c20201118$lBLL01$h1323
=CAT  \\$aIPL-CLA$c20201231$lBLL01$h1527
=CAT  \\$aBATCH-UPD$b00$c20221121$lBLL01$h1319
=CAT  \\$aIPL-CLA$c20221231$lBLL01$h1443
=CAT  \\$aR2308-1440$c20230824$lBLL01$h0927
=CAT  \\$aIPL-CLA$c20230930$lBLL01$h0805
=CFI  0\$aCurrent copyright fee: GBP37.00$c2\0$e01-oct-2023$fGBP37.00$g0$hP$5Uk
=CFI  2\$aPrevious copyright fee: GBP37.00$c1\0$e01-jan-2023$fGBP37.00$g0$hP$5Uk
=FFP  \\$aY$bBLDSS-3PM
=FIN  \\$aY
=FMT  \\$a  SE
=LAS  \\$aIPL-CLA$b00$c20230930$lBLL01$h0805
=LEO  \\$aMP5.0000761708
=LEO  \\$aMP10.0000270738
=LEO  \\$aMP13.0000286228
=LEO  \\$aMP22.0000015005
=LKR  \\$aPAR$b013367980$lBLL01$r776$mHousing studies (Print)$nHousing studies (Online)
=SRC  \\$aBNB03$bbibmp5.200404.2.ab
=SRC  \\$aDSS01$bbibmp10.200404.2.aa
=SRC  \\$aHSS01$bbibmp13.200404.2.aa
=SRC  \\$aISN01$bbibmp22.200404.2.aa
=TCO  \\$aCLA$bCLA$c008
=TOC  \\$aETOC

