=LDR  05594cas a2201273 a 4500
=001  011810759
=003  Uk
=005  20221231144311.0
=006  aab\\|||||||||||||
=007  ta
=008  870127c19869999enkqr\p\\\\\\\0\\\a0eng\\
=015  \\$aGB8716553$2bnb
=019  y\$ab8716553
=019  9\$ab8716553
=019  c\$a2312801
=019  1\$ab8716553
=022  0\$a0266-5433
=039  0\$a1930
=040  \\$aUk$beng$cUk$dUk
=042  \\$aukblsr
=082  04$a711.09005$223
=210  0\$aPlan. perspect.$b(Print)
=222  \0$aPlanning perspectives$b(Print)
=245  00$aPlanning perspectives :$ban international journal of history, planning and the environment.
=260  \\$aLondon :$bSpan,$c1986-
=264  31$aAbingdon :$bTaylor & Francis, an Informa business
=300  \\$av. :$bill., maps ;$c25 cm.
=310  \\$aQuarterly
=336  \\$atext$2rdacontent
=337  \\$aunmediated$2rdamedia
=338  \\$avolume$2rdacarrier
=362  0\$aVol. 1, no. 1 (Jan. 1986)-
=540  \\$aCurrent copyright fee: GBP37.00$c2\0$5Uk
=588  \\$aLatest issue consulted: volume 28, number 2 (April 2013).
=595  \\$aSEE ALSO SERIAL RECORDS SCE.
=650  \0$aCity planning$xHistory$vPeriodicals.
=650  \0$aRegional planning$xHistory$vPeriodicals.
=653  \\$aEnvironment planning$aSerials
=710  2\$aInternational Planning History Society.
=776  0\$tPlanning perspectives (Online)$x1466-4518
=852  41$aBritish Library$bDSC$j6509.252300$3Vol. 1, no. 1 (1986)-v. 20, no. 4 (2005)***UKRR Retained Title
=852  41$aBritish Library$bHMNTS$jZC.9.a.631$3Vol. 1, no. 1 (Jan. 1986)-v. 30, no. 4 (Oct. 2015)***title now taken as electronic copy only
=856  \\$31850-9999$uhttp://www.tandfonline.com/$xBLDSS
=945  \\$aPLANNING PERSPECTIVES.
=959  \\$fHeld but not currently received
=963  \\$aVOL. 1, 1986- *A=1$bY$cP.437.C.31
=985  \\$aISSN responsibility taken by US ISSN Center (multinational publisher), August 21 2013.
=A02  \\$a2312801
=ACF  \\$aPrevious copyright fee: GBP17.00$c2\0$e01-jan-2010$fGBP17.00$g0$hP$5Uk
=ACF  \\$aPrevious copyright fee: GBP16.00$c2\0$e01-jan-2009$fGBP16.00$g0$hP$5Uk
=ACF  \\$aPrevious copyright fee: GBP15.00$c2\0$e01-apr-2008$fGBP15.00$g0$hP$5Uk
=ACF  \\$aPrevious copyright fee: GBP16.00$c2\0$e01-jan-2007$fGBP16.00$g0$hP$5Uk
=ACF  \\$aPrevious copyright fee: GBP13.00$c2\0$e01-jan-2005$fGBP13.00$g0$hP$5Uk
=ACF  \\$aPrevious copyright fee: GBP11.00$c2\0$e01-jan-2004$fGBP11.00$g0$hP$5Uk
=ACF  \\$aCurrent copyright fee: GBP10.00$c2\0$e01-apr-2002$fGBP10.00$g0$hP$5Uk
=ACF  \\$aCurrent copyright fee: GBP9.00$c2\0$e01-jan-2000$fGBP9.00$g0$hP$5Uk
=ACF  \\$aPrevious copyright fee: GBP21.00$c2\0$e01-jan-2011$fGBP21.00$g0$hP$5Uk
=ACF  \\$aPrevious copyright fee: GBP23.00$c2\0$e01-jan-2012$fGBP23.00$g0$hP$5Uk
=ACF  \\$aPrevious copyright fee: GBP23.50$c2\0$e01-jan-2013$fGBP23.50$g0$hP$5Uk
=ACF  \\$aPrevious copyright fee: GBP24.00$c2\0$e01-jan-2014$fGBP24.00$g0$hP$5Uk
=ACF  \\$aPrevious copyright fee: GBP25.00$c2\0$e01-jan-2015$fGBP25.00$g0$hP$5Uk
=ACF  \\$aPrevious copyright fee: GBP26.00$c2\0$e01-jan-2016$fGBP26.00$g0$hP$5Uk
=ACF  \\$aPrevious copyright fee: GBP28.00$c2\0$e01-jan-2017$fGBP28.00$g0$hP$5Uk
=ACF  \\$aPrevious copyright fee: GBP30.00$c2\0$e01-jan-2018$fGBP30.00$g0$hP$5Uk
=ACF  \\$aPrevious copyright fee: GBP32.00$c2\0$e01-jan-2019$fGBP32.00$g0$hP$5Uk
=ACF  \\$aPrevious copyright fee: GBP34.00$c2\0$e01-jan-2020$fGBP34.00$g0$hP$5Uk
=CAT  \\$aWR09-126
=CAT  \\$aBATCH-UPD$b40$c20131119$lBLL01$h1959
=CAT  \\$aIPL-CLA$c20131231$lBLL01$h2255
=CAT  \\$aBATCH-CLA$b00$c20140125$lBLL01$h1319
=CAT  \\$aBATCH-CLA$c20140225$lBLL01$h2318
=CAT  \\$aWR14_140$c20140905$lBLL01$h1753
=CAT  \\$aBATCH-UPD$b00$c20141124$lBLL01$h1801
=CAT  \\$aBLDSS-3PM$b00$c20141130$lBLL01$h1247
=CAT  \\$aIPL-CLA$c20141231$lBLL01$h1648
=CAT  \\$aBATCH-UPD$b00$c20151119$lBLL01$h1542
=CAT  \\$aIPL-CLA$c20151231$lBLL01$h1917
=CAT  \\$a10806$b40$c20160128$lBLL01$h1352
=CAT  \\$aBATCH-UPD$b40$c20160413$lBLL01$h1814
=CAT  \\$aBATCH-UPD$b40$c20161122$lBLL01$h1511
=CAT  \\$aBATCH-UPD$b40$c20161122$lBLL01$h1608
=CAT  \\$aIPL-CLA$c20161230$lBLL01$h2048
=CAT  \\$aBATCH-UPD$b00$c20171121$lBLL01$h1646
=CAT  \\$aIPL-CLA$c20171231$lBLL01$h1605
=CAT  \\$aBATCH-UPD$b00$c20181217$lBLL01$h1637
=CAT  \\$aIPL-CLA$c20181231$lBLL01$h1538
=CAT  \\$aBATCH-UPD$b00$c20191122$lBLL01$h1859
=CAT  \\$aIPL-CLA$c20191231$lBLL01$h1908
=CAT  \\$aBATCH-UPD$b00$c20201118$lBLL01$h1333
=CAT  \\$aIPL-CLA$c20201231$lBLL01$h1527
=CAT  \\$aBATCH-UPD$b00$c20221121$lBLL01$h1346
=CAT  \\$aIPL-CLA$c20221231$lBLL01$h1443
=CFI  0\$aCurrent copyright fee: GBP37.00$c2\0$e01-jan-2023$fGBP37.00$g0$hP$5Uk
=CFI  2\$aPrevious copyright fee: GBP35.00$c2\0$e01-jan-2021$fGBP35.00$g0$hP$5Uk
=FFP  \\$aY$bBLDSS-3PM
=FIN  \\$aY
=FMT  \\$a  SE
=LAS  \\$aIPL-CLA$b00$c20221231$lBLL01$h1443
=LEO  \\$aMP5.0000761787
=LEO  \\$aMP10.0000441102
=LEO  \\$aMP13.0000286296
=LEO  \\$aMP22.0000014262
=LKR  \\$aPAR$b013358087$lBLL01$r776$mPlanning perspectives (Print)$nPlanning perspectives (Online)
=SRC  \\$aBNB03$bbibmp5.200404.2.ab
=SRC  \\$aDSS01$bbibmp10.200404.2.aa
=SRC  \\$aHSS01$bbibmp13.200404.2.aa
=SRC  \\$aISN01$bbibmp22.200404.2.aa
=TCO  \\$aCLA$bCLA$c008
=TOC  \\$aETOC

