=LDR  04287cas a2201081ua 4500
=001  011812899
=003  Uk
=005  20221231203120.0
=007  ta
=008  850710c19849999enk\x\\\\\\\\\0\\\a0eng\\
=015  \\$aGB8746527$2bnb
=019  y\$ab8746527
=019  9\$ab8746527
=019  c\$a2434364
=019  1\$ab8746527
=022  1\$a0267-6761
=039  0\$a1957
=040  \\$aUk$cUk
=050  00$aJX1
=082  04$a327/.05$219
=222  \0$aForeign policy perspectives
=245  00$aForeign policy perspectives.
=260  \\$aLondon (ciu The Alternative Bookshop, 3 Langley Court, Covent Garden, WC2 9JY) :$bLibertarian Alliance,$c1984-
=300  \\$av. ;$c30cm.
=310  \\$aIrregular
=336  \\$atext$2rdacontent
=337  \\$aunmediated$2rdamedia
=338  \\$avolume$2rdacarrier
=362  0\$aNo.1-
=500  \\$aDescription based on: No.2.
=540  \\$aCurrent Copyright Fee: GBP25.00$c0$5Uk
=650  \0$aInternational relations$xPeriodicals.
=653  \\$aForeign relations$aPolicies$aSerials
=710  2\$aLibertarian Alliance.
=776  0\$tForeign policy perspectives$c(Online)$x2042-2563
=852  41$aBritish Library$bHMNTS$jZC.9.b.1740$3Issue 1-issue 38 (2002)
=886  2\$2blmarc$a092$b00$a3987.107800n
=945  \\$aFOREIGN POLICY PERSPECTIVES.
=963  \\$aNO. 5, 1988- *A=1$bN$cU
=979  \\$aBritish Library$bDSC$j3987.107800N
=985  \\$aResponsibility for ISSN transferred to ISSN International Centre from ISSN UK Centre, 04/03/11.
=A02  \\$a2434364
=ACF  \\$aPrevious copyright fee: GBP9.00$c0$e01-apr-2010$fGBP9.00$g0$hA$5Uk
=ACF  \\$aPrevious copyright fee: GBP6.00$c0$e01-apr-2008$fGBP6.00$g0$hA$5Uk
=ACF  \\$aPrevious copyright fee: GBP5.00$c0$e01-jul-2002$fGBP5.00$g0$hA$5Uk
=ACF  \\$aCurrent copyright fee: GBP4.40$c0$e01-jul-1998$fGBP4.40$g0$hA$5Uk
=ACF  \\$aCurrent copyright fee: GBP4.20$c0$e01-apr-1997$fGBP4.20$g0$hA$5Uk
=ACF  \\$aPrevious copyright fee: GBP10.50$c0$e01-jan-2011$fGBP10.50$g0$hA$5Uk
=ACF  \\$aPrevious copyright fee: GBP12.00$c0$e01-jan-2012$fGBP12.00$g0$hA$5Uk
=ACF  \\$aPrevious Copyright Fee: GBP12.30$c0$e01-jan-2014$fGBP12.30$g0$hA$5Uk
=ACF  \\$aPrevious Copyright Fee: GBP15.00$c0$e01-jan-2017$fGBP15.00$g0$hA$5Uk
=ACF  \\$aPrevious Copyright Fee: GBP17.50$c0$e01-jan-2018$fGBP17.50$g0$hA$5Uk
=ACF  \\$aPrevious Copyright Fee: GBP20.00$c0$e01-jan-2020$fGBP20.00$g0$hA$5Uk
=CAT  \\$aWR09-126
=CAT  \\$aBATCH-UPD$b00$c20100401$lBLL01$h0235
=CAT  \\$aBATCH$b00$c20100401$lBLL01$h0538
=CAT  \\$aBATCH$b00$c20100401$lBLL01$h1608
=CAT  \\$aBATCH-UPD$b00$c20101124$lBLL01$h1931
=CAT  \\$aBATCH-UPD$b00$c20101125$lBLL01$h1159
=CAT  \\$aIPL-CLA$c20101231$lBLL01$h1449
=CAT  \\$a11315$b40$c20110304$lBLL01$h0839
=CAT  \\$aWR11_203$c20111204$lBLL01$h1454
=CAT  \\$aIPL-CLA$c20111230$lBLL01$h1954
=CAT  \\$aBATCH-CLA$b00$c20121109$lBLL01$h1742
=CAT  \\$aWR13.005$c20130323$lBLL01$h1229
=CAT  \\$aBATCH-CLA$c20131220$lBLL01$h1959
=CAT  \\$aIPL-CLA$c20131231$lBLL01$h2255
=CAT  \\$aWR14_140$c20140905$lBLL01$h1754
=CAT  \\$aBATCH-CLA$b00$c20161222$lBLL01$h1754
=CAT  \\$aIPL-CLA$c20161230$lBLL01$h2048
=CAT  \\$aBATCH-CLA$b00$c20171222$lBLL01$h2112
=CAT  \\$aIPL-CLA$c20171231$lBLL01$h1605
=CAT  \\$aBATCH-CLA$b00$c20191219$lBLL01$h1721
=CAT  \\$aIPL-CLA$c20191231$lBLL01$h1908
=CAT  \\$aR2001-1524$c20200127$lBLL01$h1956
=CAT  \\$aBATCH-CLA$b00$c20201204$lBLL01$h1521
=CAT  \\$aIPL-CLA$c20201231$lBLL01$h2128
=CAT  \\$aBATCH-CLA$b00$c20221221$lBLL01$h1828
=CAT  \\$aIPL-CLA$c20221231$lBLL01$h2031
=CFI  0\$aCurrent Copyright Fee: GBP25.00$c0$e01-jan-2023$fGBP25.00$g0$hA$5Uk
=CFI  2\$aPrevious Copyright Fee: GBP22.50$c0$e01-jan-2021$fGBP22.50$g0$hA$5Uk
=FIN  \\$aY
=FMT  \\$a  SE
=LAS  \\$aIPL-CLA$b00$c20221231$lBLL01$h2031
=LEO  \\$aMP5.0000764503
=LEO  \\$aMP10.0000235760
=LEO  \\$aMP13.0000288507
=LEO  \\$aMP22.0000015356
=SRC  \\$aBNB03$bbibmp5.200404.2.ab
=SRC  \\$aDSS01$bbibmp10.200404.2.aa
=SRC  \\$aHSS01$bbibmp13.200404.2.aa
=SRC  \\$aISN01$bbibmp22.200404.2.aa
=TCO  \\$aCLA$bCLA$c008

