=LDR  07343aas a2201549 a 4500
=001  011814008
=003  Uk
=005  20210521133607.0
=007  ta
=008  860709d19862014no\mr\p\\\\\\\0\\\a0eng\\
=015  \\$aGB8752811$2bnb
=019  y\$ab8752811
=019  9\$ab8752811
=019  c\$a2318887
=019  1\$ab8752811
=019  0\$as543137007
=022  0\$a0268-1293
=039  0\$a1964
=040  \\$aUk$cUk$dUk
=042  \\$aukblsr
=050  00$aHD9000.5
=082  04$a664.94$221
=084  \\$aHR 15$2blsrissc
=210  0\$aSeaf. int.
=222  \0$aSeafood international
=245  00$aSeafood international.
=260  \\$a[London] ([22-26 Farringdon La., EC1R 3AU]) :$b[AGB Heighway Ltd.],$c1986-
=260  3\$aBergen :$bIntraFish Media
=300  \\$av. :$bill. (some col.) ;$c30 cm.
=310  \\$aMonthly
=336  \\$atext$2rdacontent
=337  \\$aunmediated$2rdamedia
=338  \\$avolume$2rdacarrier
=362  0\$a[Vol.1, issue 1] (Feb. 1986)-
=540  \\$aCurrent Copyright Fee: GBP15.00$c0$5Uk
=588  \\$aLatest issue consulted: Vol. 27, issue 4 (Apr. 2012).
=595  \\$aSEE ALSO CARD INDEX.
=650  \0$aSeafood$vPeriodicals.
=650  \0$aSeafood$xMarketing$vPeriodicals.
=653  \\$aSeafood$aMarketing$aSerials
=770  0\$tSeafood processing & packaging international$x1351-6043
=770  0\$tSeafood executive
=780  05$aSeafood processor$x1744-4802
=852  41$aBritish Library$bDSC$j8213.721100$3Vol. 1, no. 5 (1986); v. 3, no. 10 (1988)-v. 20, no. 11 (2005)
=852  41$aBritish Library$bHMNTS$jZC.9.b.352$3Vol. 1, issue 1 (Feb. 1986)-(Aug. 2014)
=852  71$aBritish Library$bSTI$k(P)$hHR 15$m-E(3)$2blsrissc$3Vol. 1, issue 2 (1986)-(Aug. 2014)
=945  \\$aSEAFOOD INTERNATIONAL.
=959  \\$fHeld but not currently received
=963  \\$aVOL. 11, 1996- *A=1$bN$cL446.B.909
=985  \\$aResponsibility for ISSN transferred to Norwegian ISSN Centre from UK ISSN Centre, 20.08.09.
=A02  \\$a2318887
=ACF  \\$aBritish Library not licensed to copy$c0$e01-apr-2012$hC$iCLA Excluded$5Uk
=ACF  \\$aBritish Library not licensed to copy$c0$e01-jan-2012$hC$iCLA Excluded$5Uk
=ACF  \\$aBritish Library not licensed to copy$c0$e01-oct-2011$hC$iCLA Excluded$5Uk
=ACF  \\$aBritish Library not licensed to copy$c0$e01-jul-2011$hC$iCLA Excluded$5Uk
=ACF  \\$aBritish Library not licensed to copy$c0$e01-apr-2011$hC$iCLA Excluded$5Uk
=ACF  \\$aBritish Library not licensed to copy$c0$e01-jan-2011$hC$iCLA Excluded$5Uk
=ACF  \\$aBritish Library not licensed to copy$c0$e01-oct-2010$hC$iCLA Excluded$5Uk
=ACF  \\$aBritish Library not licensed to copy$c0$e01-jul-2010$hC$iCLA Excluded$5Uk
=ACF  \\$aBritish Library not licensed to copy$c0$e01-apr-2010$hC$iCLA Excluded$5Uk
=ACF  \\$aBritish Library not licensed to copy$c0$e01-Jan-2010$hC$iCLA Excluded$5Uk
=ACF  \\$aBritish Library not licensed to copy$c0$e01-oct-2009$hC$iCLA Excluded$5Uk
=ACF  \\$aBritish Library not licensed to copy$c0$e01-jul-2009$hC$iCLA Excluded$5Uk
=ACF  \\$aBritish Library not licensed to copy$c0$e01-apr-2009$hC$iCLA Excluded$5Uk
=ACF  \\$aBritish Library not licensed to copy$c0$e01-jan-2009$hC$iCLA Excluded$5Uk
=ACF  \\$aBritish Library not licensed to copy$c0$e01-oct-2008$hC$iCLA Excluded$5Uk
=ACF  \\$aBritish Library not licensed to copy$c0$e01-jul-2008$hC$iCLA Excluded$5Uk
=ACF  \\$aBritish Library not licensed to copy$c0$e01-apr-2008$hC$iCLA Excluded$5Uk
=ACF  \\$aBritish Library not licensed to copy$c0$e01-jan-2008$hC$iCLA Excluded$5Uk
=ACF  \\$aBritish Library not licensed to copy$c0$e01-oct-2007$hC$iCLA Excluded$5Uk
=ACF  \\$aBritish Library not licensed to copy$c0$e01-jul-2007$hC$iCLA Excluded$5Uk
=ACF  \\$aBritish Library not licensed to copy$c0$e01-apr-2007$hC$iCLA Excluded$5Uk
=ACF  \\$aBritish Library not licensed to copy$c0$e01-jan-2007$hC$iCLA Excluded$5Uk
=ACF  \\$aBritish Library not licensed to copy$c0$e01-oct-2006$hC$iCLA Excluded$5Uk
=ACF  \\$aBritish Library not licensed to copy$c0$e01-jul-2006$hC$iCLA Excluded$5Uk
=ACF  \\$aBritish Library not licensed to copy$c0$e01-apr-2006$hC$iCLA Excluded$5Uk
=ACF  \\$aBritish Library not licensed to copy$c0$e01-jan-2006$hC$iCLA Excluded$5Uk
=ACF  \\$aBritish Library not licensed to copy$c0$e01-oct-2005$hC$iCLA Excluded$5Uk
=ACF  \\$aBritish Library not licensed to copy$c0$e01-jul-2005$hC$iCLA Excluded$5Uk
=ACF  \\$aBritish Library not licensed to copy$c0$e01-apr-2005$hC$iCLA Excluded$5Uk
=ACF  \\$aBritish Library not licensed to copy$c0$e01-jan-2005$hC$iCLA Excluded$5Uk
=ACF  \\$aBritish Library not licensed to copy$c0$e01-oct-2004$hC$iCLA Excluded$5Uk
=ACF  \\$aBritish Library not licensed to copy$c0$e01-oct-2003$g0$hC$iCLA-excluded$5Uk
=ACF  \\$aCurrent copyright fee: GBP5.10$c0$e01-jan-2003$fGBP5.10$g0$hC$5Uk
=ACF  \\$aBritish Library not licensed to copy$c0$e01-oct-2002$g0$hC$iCLA-excluded$5Uk
=ACF  \\$aBritish Library not licensed to copy$c0$e01-jul-2012$hC$iCLA Excluded$5Uk
=ACF  \\$aBritish Library not licensed to copy$c0$e01-oct-2012$hC$iCFP Excluded$5Uk
=ACF  \\$aBritish Library not licensed to copy$c0$e01-jan-2014$hC$iCFP Excluded$5Uk
=CAT  \\$aWR09-126
=CAT  \\$aBATCH-CLA$b00$c20110531$lBLL01$h1643
=CAT  \\$aIPL-CLA$c20110630$lBLL01$h1537
=CAT  \\$aBATCH-CLA$b00$c20110831$lBLL01$h1802
=CAT  \\$aIPL-CLA$c20110930$lBLL01$h1541
=CAT  \\$aBATCH-CLA$b00$c20111130$lBLL01$h1155
=CAT  \\$aIPL-CLA$c20111230$lBLL01$h1954
=CAT  \\$a8483$b40$c20120216$lBLL01$h1406
=CAT  \\$aBATCH-CLA$b00$c20120229$lBLL01$h1600
=CAT  \\$aIPL-CLA$c20120330$lBLL01$h1428
=CAT  \\$a10806$b40$c20120424$lBLL01$h0911
=CAT  \\$aBATCH-CLA$b00$c20120531$lBLL01$h1718
=CAT  \\$aIPL-CLA$c20120629$lBLL01$h1026
=CAT  \\$aBATCH-CLA$b00$c20120831$lBLL01$h1545
=CAT  \\$aIPL-CLA$c20120930$lBLL01$h2107
=CAT  \\$aBATCH-CLA$b00$c20121109$lBLL01$h1742
=CAT  \\$aWR12_128$c20121113$lBLL01$h1830
=CAT  \\$aWR13.005$c20130323$lBLL01$h1229
=CAT  \\$aBATCH-CLA$b00$c20131129$lBLL01$h1653
=CAT  \\$aIPL-CLA$c20131231$lBLL01$h2255
=CAT  \\$aBATCH-CLA$b00$c20140829$lBLL01$h1542
=CAT  \\$aWR14_140$c20140905$lBLL01$h1754
=CAT  \\$aIPL-CLA$c20140930$lBLL01$h1633
=CAT  \\$aBATCH-CLA$b00$c20161130$lBLL01$h1638
=CAT  \\$aIPL-CLA$c20161230$lBLL01$h2048
=CAT  \\$a8244$b40$c20210521$lBLL01$h1336
=CFI  0\$aCurrent Copyright Fee: GBP15.00$c0$e01-jan-2017$fGBP15.00$g0$hC$5Uk
=CFI  2\$aPrevious Copyright Fee: GBP12.30$c0$e01-oct-2014$fGBP12.30$g0$hC$5Uk
=FIN  \\$aY
=FMT  \\$a  SE
=LAS  \\$a8244$b40$c20210521$lBLL01$h1336
=LEO  \\$aMP5.0000765924
=LEO  \\$aMP10.0000527637
=LEO  \\$aMP13.0000289636
=LEO  \\$aMP22.0000015779
=LEO  \\$aMP25.0000234487
=LKR  \\$aPAR$b009870959$lBLL01$nSeafood processor$mSeafood international$r78005
=SRC  \\$aBNB03$bbibmp5.200404.2.ab
=SRC  \\$aDSS01$bbibmp10.200404.2.aa
=SRC  \\$aHSS01$bbibmp13.200404.2.aa
=SRC  \\$aISN01$bbibmp22.200404.2.aa
=SRC  \\$aSRI01$bbibmp25.200404.2.aa
=TCO  \\$aCLA$bCLA$c008
=TOC  \\$aETOC

