=LDR  03983cas a2201009 a 4500
=001  011814145
=003  Uk
=005  20221231203127.0
=006  aabc\|||||||||||||
=007  ta
=008  871118c19869999enkqr\p\\\\\\\0\\\a0eng\\
=015  \\$aGB8753437$2bnb
=019  y\$ab8753437
=019  9\$ab8753437
=019  1\$ab8753437
=019  c\$a2334258
=022  0\$a0950-6640
=039  0\$a1965
=040  \\$aUk$cUk$dUk
=042  \\$aukblsr
=050  00$aHG174
=082  04$a332.1$219
=222  \0$aFinancial services international
=245  00$aFinancial services international.
=260  \\$aLondon (2 Pear Tree Court, EC1R 0DS) :$bLafferty Publications,$c1986-
=300  \\$av. :$bill(some col.), col.maps,col.ports. ;$c30cm.
=310  \\$aQuarterly
=336  \\$atext$2rdacontent
=337  \\$aunmediated$2rdamedia
=338  \\$avolume$2rdacarrier
=362  0\$aVol.1, issue 1 (Nov. 1986)-
=540  \\$aCurrent Copyright Fee: GBP25.00$c0$5Uk
=650  \0$aFinancial institutions.
=653  \\$aFinancial services$aSerials
=690  7\$aManagement and Business Studies$2blcoll
=852  41$aBritish Library$bHMNTS$jZC.9.b.1412$3Vol.1, issue 1 (Nov. 1986)-
=852  41$aBritish Library$bDSC$j3926.985300$3VOL. 1(2), 1987- 8, 1988 *A=1
=945  \\$aFINANCIAL SERVICES INTERNATIONAL.
=959  \\$fHeld but not currently received
=963  \\$aNO. 1, 1986- 9, 1988 *A=1$bN$cL222.B.1143
=985  \\$aCorrected by BSS-generated file for WR# 10/166
=985  \\$aISSN UK Centre: responsibility transferred to ISSN Ireland 1995, relaunched title published from Dublin.
=ACF  \\$aBritish Library not licensed to copy$c0$e11-jul-2007$hC$iCLA Excluded$5Uk
=ACF  \\$aPrevious copyright fee: GBP10.50$c0$e01-jan-2011$fGBP10.50$g0$hA$5Uk
=ACF  \\$aPrevious copyright fee: GBP12.00$c0$e01-jan-2012$fGBP12.00$g0$hA$5Uk
=ACF  \\$aPrevious Copyright Fee: GBP12.30$c0$e01-jan-2014$fGBP12.30$g0$hA$5Uk
=ACF  \\$aPrevious Copyright Fee: GBP15.00$c0$e01-jan-2017$fGBP15.00$g0$hA$5Uk
=ACF  \\$aPrevious Copyright Fee: GBP17.50$c0$e01-jan-2018$fGBP17.50$g0$hA$5Uk
=ACF  \\$aPrevious Copyright Fee: GBP20.00$c0$e01-jan-2020$fGBP20.00$g0$hA$5Uk
=CAT  \\$aCONV$b00$c20040425$lBLL90$h0725
=CAT  \\$a5552$b40$c20070725$lBLL01$h1200
=CAT  \\$aBATCH$b00$c20090619$lBLL01$h1900
=CAT  \\$aBATCH$b00$c20091122$lBLL01$h1917
=CAT  \\$aBATCH-UPD$b00$c20101201$lBLL01$h1243
=CAT  \\$aIPL-CLA$c20101231$lBLL01$h1449
=CAT  \\$aWR11_203$c20111204$lBLL01$h1454
=CAT  \\$aIPL-CLA$c20111230$lBLL01$h1954
=CAT  \\$aBATCH-CLA$b00$c20121109$lBLL01$h1742
=CAT  \\$aBATCH-CLA$c20131220$lBLL01$h1959
=CAT  \\$aIPL-CLA$c20131231$lBLL01$h2255
=CAT  \\$aWR14_140$c20140905$lBLL01$h1754
=CAT  \\$aBATCH-CLA$b00$c20161222$lBLL01$h1754
=CAT  \\$aIPL-CLA$c20161230$lBLL01$h2048
=CAT  \\$aBATCH-CLA$b00$c20171222$lBLL01$h2112
=CAT  \\$aIPL-CLA$c20171231$lBLL01$h1605
=CAT  \\$aBATCH-CLA$b00$c20191219$lBLL01$h1721
=CAT  \\$aIPL-CLA$c20191231$lBLL01$h1908
=CAT  \\$aR2001-1524$c20200127$lBLL01$h1956
=CAT  \\$aBATCH-CLA$b00$c20201204$lBLL01$h1521
=CAT  \\$aIPL-CLA$c20201231$lBLL01$h2128
=CAT  \\$a8124$b40$c20220622$lBLL01$h1133
=CAT  \\$a8124$b40$c20220622$lBLL01$h1137
=CAT  \\$a10973$b40$c20220704$lBLL01$h1141
=CAT  \\$aBATCH-CLA$b00$c20221221$lBLL01$h1828
=CAT  \\$aIPL-CLA$c20221231$lBLL01$h2031
=CFI  0\$aCurrent Copyright Fee: GBP25.00$c0$e01-jan-2023$fGBP25.00$g0$hA$5Uk
=CFI  2\$aPrevious Copyright Fee: GBP22.50$c0$e01-jan-2021$fGBP22.50$g0$hA$5Uk
=FIN  \\$aY
=FMT  \\$a  SE
=LAS  \\$aIPL-CLA$b00$c20221231$lBLL01$h2031
=LEO  \\$aMP5.0000766082
=LEO  \\$aMP13.0000289773
=LEO  \\$aMP10.0000230155
=SRC  \\$aDSS01$bbibmp10.200404.2.aa
=SRC  \\$aBNB03$bbibmp5.200404.2.ab
=SRC  \\$aHSS01$bbibmp13.200404.2.aa
=TCO  \\$aCLA$bCLA$c008

