=LDR  05011 as a2201165ua 4500
=001  011818097
=003  Uk
=005  20130118141711.0
=006  aa\\\|||||||||||||
=007  ta
=008  870526d1986200uenkqr\p\\\\\\\0\\\a0eng\\
=015  \\$aGB8843684$2bnb
=019  y\$ab8843684
=019  9\$ab8843684
=019  c\$a2362743
=019  1\$ab8843684
=022  0\$a1534-8784$z0269-8978
=039  0\$a1995
=040  \\$aUk$cUk$dUk
=082  04$a338.433635$219
=210  0\$aHous. finance int.
=222  \0$aHousing finance international
=245  00$aHousing finance international.
=260  \\$aLondon :$bInternational Union of Building Societies & Savings Associations and Franey & Co.,$c1986-
=260  2\$aChicago :$bInternational Union of Housing Finance Institutions
=260  3\$aLondon :$bInternational Union for Housing Finance
=300  \\$av. :$bill., ports. ;$c30 cm.
=310  \\$aQuarterly
=336  \\$atext$2rdacontent
=337  \\$aunmediated$2rdamedia
=338  \\$avolume$2rdacarrier
=362  0\$aVol. 1, no. 1 (Aug. 1986)-
=362  1\$aCeased in 2009?
=530  \\$aAlso issued in an online version.
=540  \\$aBritish Library not licensed to copy$c0$5Uk
=595  \\$aSEE ALSO SERIAL RECORDS USC.
=650  \0$aHousing$xFinance$vPeriodicals.
=650  \0$aMortgage loans$vPeriodicals.
=653  \\$aHousing$aFinance$aSerials
=690  7\$aManagement and Business Studies$2blcoll
=710  2\$aInternational Union of Building Societies and Savings Associations.
=710  2\$aInternational Union of Housing Finance Institutions.
=710  2\$aInternational Union for Housing Finance.
=852  41$aBritish Library$bHMNTS$jZC.9.b.2468$3Vol. 1, no. 1 (Aug. 1986)-v. 1, no. 2 (Nov. 1986); v. 1, no. 4 (May 1987)-v. 2, no. 1 (Aug. 1987); v. 2, no. 3 (Feb. 1998)-v. 3, no. 1 (Aug. 1998); v. 3, no. 3 (Feb. 1989)-v. 3, no. 4 (May 1989); v. 4, no. 2 (Nov. 1989)-v. 23, no. 2 (Dec. 2008)
=852  41$aBritish Library$bDSC$j4335.098840$3Vol. 3, no. 2 (1988)-Sept. (2009)
=945  \\$aHOUSING FINANCE INTERNATIONAL.
=959  \\$fHeld but not currently received
=963  \\$aVOL. 1, 1986- 4, 1990 *A=1$bN$cL222.B.892
=985  \\$aISSN 0269-8978 used until 1990; ISSN 1534-8784 assigned by NSDP (double assignment). Responsibility for ISSN transferred to IC 08.04.08.
=A02  \\$a2362743
=ACF  \\$aBritish Library not licensed to copy$c0$e01-apr-2012$hC$iCLA Excluded$5Uk
=ACF  \\$aBritish Library not licensed to copy$c0$e01-jan-2012$hC$iCLA Excluded$5Uk
=ACF  \\$aBritish Library not licensed to copy$c0$e01-oct-2011$hC$iCLA Excluded$5Uk
=ACF  \\$aPrevious copyright fee: GBP10.50$c0$e01-jan-2011$fGBP10.50$g0$hA$5Uk
=ACF  \\$aPrevious Copyright Fee: GBP8.79$c0$e01-jul-2009$fGBP8.79$g0$hC$5Uk
=ACF  \\$aPrevious Copyright Fee: GBP8.79$c0$e01-apr-2009$fGBP8.79$g0$hC$5Uk
=ACF  \\$aPrevious copyright fee: GBP5.00$c0$e01-jul-2002$fGBP5.00$g0$hC$5Uk
=ACF  \\$aCurrent copyright fee: GBP2.50$c0$e01-jul-1998$fGBP2.50$g0$hC$5Uk
=ACF  \\$aCurrent copyright fee: GBP2.30$c0$e01-apr-1997$fGBP2.30$g0$hC$5Uk
=CAT  \\$aWR09-126
=CAT  \\$aBATCH$b00$c20091210$lBLL01$h0625
=CAT  \\$aBATCH$b00$c20091214$lBLL01$h0832
=CAT  \\$aBATCH$b00$c20091216$lBLL01$h0208
=CAT  \\$a10997$b40$c20100827$lBLL01$h1655
=CAT  \\$aBATCH-UPD$b40$c20101201$lBLL01$h1244
=CAT  \\$aIPL-CLA$c20101231$lBLL01$h1449
=CAT  \\$aBATCH-CLA$b00$c20110831$lBLL01$h1759
=CAT  \\$aBATCH-CLA$b00$c20110831$lBLL01$h1801
=CAT  \\$aIPL-CLA$c20110930$lBLL01$h1541
=CAT  \\$aBATCH-CLA$b00$c20111130$lBLL01$h1152
=CAT  \\$aBATCH-CLA$b00$c20111130$lBLL01$h1153
=CAT  \\$aIPL-CLA$c20111230$lBLL01$h1955
=CAT  \\$aBATCH-CLA$b00$c20120229$lBLL01$h1559
=CAT  \\$aBATCH-CLA$b00$c20120229$lBLL01$h1601
=CAT  \\$aIPL-CLA$c20120330$lBLL01$h1428
=CAT  \\$aBATCH-CLA$b00$c20120531$lBLL01$h1716
=CAT  \\$aBATCH-UPD$b00$c20120614$lBLL01$h2125
=CAT  \\$aIPL-CLA$c20120629$lBLL01$h1026
=CAT  \\$aBATCH-CLA$b00$c20120831$lBLL01$h1542
=CAT  \\$aIPL-CLA$c20120930$lBLL01$h2108
=CAT  \\$aBATCH-CLA$b00$c20121109$lBLL01$h1742
=CAT  \\$aWR12_128$c20121113$lBLL01$h1830
=CAT  \\$a7778$b40$c20130118$lBLL01$h1417
=CAT  \\$aWR13.005$c20130323$lBLL01$h1230
=CAT  \\$aWR14_140$c20140905$lBLL01$h1755
=CFI  0\$aBritish Library not licensed to copy$c0$e01-oct-2012$hC$iCFP Excluded$5Uk
=CFI  2\$aBritish Library not licensed to copy$c0$e01-jul-2012$hC$iCLA Excluded$5Uk
=FIN  \\$aY
=FMT  \\$a  SE
=LAS  \\$aWR14_140$b00$c20140905$lBLL01$h1755
=LEO  \\$aMP5.0000771351
=LEO  \\$aMP10.0000270578
=LEO  \\$aMP13.0000293815
=LEO  \\$aMP22.0000017440
=SRC  \\$aBNB03$bbibmp5.200404.2.ab
=SRC  \\$aDSS01$bbibmp10.200404.2.aa
=SRC  \\$aHSS01$bbibmp13.200404.2.aa
=SRC  \\$aISN01$bbibmp22.200404.2.aa
=TCO  \\$aCLA$bCLA$c008
=TOC  \\$aETOC

