=LDR  05813cas a2201261ua 4500
=001  011818835
=003  Uk
=005  20220318102708.0
=006  aa\\\|||||||||||||
=007  ta
=008  880727c19879999enkqr\p\\\\\\\0\\\a0eng\\
=015  \\$aGB8849101$2bnb
=019  y\$ab8849101
=019  9\$ab8849101
=019  c\$a2339027
=019  1\$ab8849101
=019  0\$as55818300x
=022  0\$a0892-3310
=039  0\$a1999
=040  \\$aUk$cUk
=050  00$aQ180.A1
=082  04$a507/.2$219
=084  \\$aBX 80$2blsrissc
=222  \0$aJournal of scientific exploration
=245  00$aJournal of scientific exploration :$ba publication of the Society for Scientific Exploration.
=260  \\$aNew York ;$aOxford :$bPergamon,$c1987-
=300  \\$av. :$bill. ;$c23cm.
=336  \\$atext$2rdacontent
=337  \\$aunmediated$2rdamedia
=338  \\$avolume$2rdacarrier
=362  0\$aVol.1, no.1 (1987)-
=540  \\$aBritish Library not licensed to copy$c0$5Uk
=595  \\$aSEE ALSO CARD INDEX.
=650  \0$aResearch.
=653  \\$aScience$aResearch$aSerials
=710  2\$aSociety for Scientific Exploration.
=852  41$aBritish Library$bDSC$j5057.500000$3Vol. 1, no. 1 (1987)-v. 26, no. 2 (2012)***UKRR Retained Title***Stock Incomplete
=852  41$aBritish Library$bHMNTS$jZK.9.a.736$3Vol.1, no.1 (1987)-
=852  71$aBritish Library$bSTI$k(P)$hBX 80$m-E(170)$2blsrissc$31987-v. 29 no. 4 (2016); v. 31 no. 2 (2017)
=945  \\$aJOURNAL OF SCIENTIFIC EXPLORATION.
=959  \\$fHeld but not currently received
=963  \\$aVOL. 1, 1987- 5(2), 1991 *A=1 SEE ALSO L340:1.C.557$bN$cSPR.PER.36
=985  \\$aISSN UK Centre: ISSN responsibility in Portal was UK (no UK coding in Aleph record) but transferred to US Center 18/3/22 as now published by the US based Society for Scientific Exploration (no copy available to update this record). Request from IC for UK Centre to assign to online version passed to US Center. (DLW).
=A02  \\$a2339027
=ACF  \\$aPrevious Copyright Fee: GBP0.00$c0$e01-jan-2012$fGBP0.00$g0$hC$5Uk
=ACF  \\$aPrevious Copyright Fee: GBP0.00$c0$e01-oct-2011$fGBP0.00$g0$hC$5Uk
=ACF  \\$aPrevious Copyright Fee: GBP0.00$c0$e01-jul-2011$fGBP0.00$g0$hC$5Uk
=ACF  \\$aPrevious Copyright Fee: GBP0.00$c0$e01-jan-2011$fGBP0.00$g0$hC$5Uk
=ACF  \\$aPrevious Copyright Fee: GBP0.00$c0$e01-oct-2010$fGBP0.00$g0$hC$5Uk
=ACF  \\$aPrevious Copyright Fee: GBP0.00$c0$e01-jul-2010$fGBP0.00$g0$hC$5Uk
=ACF  \\$aPrevious Copyright Fee: GBP0.00$c0$e01-apr-2010$fGBP0.00$g0$hC$5Uk
=ACF  \\$aPrevious Copyright Fee: GBP0.00$c0$e01-Jan-2010$fGBP0.00$g0$hC$5Uk
=ACF  \\$aPrevious Copyright Fee: GBP0.00$c0$e01-oct-2009$fGBP0.00$g0$hC$5Uk
=ACF  \\$aPrevious Copyright Fee: GBP0.00$c0$e01-jul-2009$fGBP0.00$g0$hC$5Uk
=ACF  \\$aPrevious Copyright Fee: GBP0.00$c0$e01-apr-2009$fGBP0.00$g0$hC$5Uk
=ACF  \\$aPrevious copyright fee: GBP6.00$c0$e01-apr-2008$fGBP6.00$g0$hA$5Uk
=ACF  \\$aPrevious copyright fee: GBP5.00$c0$e01-jul-2002$fGBP5.00$g0$hA$5Uk
=ACF  \\$aCurrent copyright fee: GBP2.50$c0$e01-jul-1998$fGBP2.50$g0$hC$5Uk
=ACF  \\$aCurrent copyright fee: GBP2.30$c0$e01-apr-1997$fGBP2.30$g0$hC$5Uk
=ACF  \\$aPrevious Copyright Fee: GBP0.00$c0$e01-apr-2012$fGBP0.00$g0$hC$5Uk
=ACF  \\$aPrevious Copyright Fee: GBP0.00$c0$e01-jul-2012$fGBP0.00$g0$hC$5Uk
=ACF  \\$aBritish Library not licensed to copy$c0$e01-jan-2013$hC$iCFP Excluded$5Uk
=ACF  \\$aBritish Library not licensed to copy$c0$e01-apr-2013$hC$iCFP Excluded$5Uk
=ACF  \\$aBritish Library not licensed to copy$c0$e01-jul-2013$hC$iCFP Excluded$5Uk
=ACF  \\$aBritish Library not licensed to copy$c0$e01-oct-2013$hC$iCFP Excluded$5Uk
=ACF  \\$aBritish Library not licensed to copy$c0$e01-jan-2014$hC$iCFP Excluded$5Uk
=CAT  \\$aCONV$b00$c20040425$lBLL90$h0725
=CAT  \\$aBATCH-CLA$b00$c20111130$lBLL01$h1202
=CAT  \\$aIPL-CLA$c20111230$lBLL01$h1955
=CAT  \\$aBATCH-CLA$b00$c20120229$lBLL01$h1621
=CAT  \\$aIPL-CLA$c20120330$lBLL01$h1428
=CAT  \\$aBATCH-CLA$b00$c20120531$lBLL01$h1705
=CAT  \\$aIPL-CLA$c20120629$lBLL01$h1026
=CAT  \\$aBATCH-CLA$b00$c20121109$lBLL01$h1742
=CAT  \\$aBATCH-CLA$b00$c20121130$lBLL01$h1239
=CAT  \\$aIPL-CLA$c20121231$lBLL01$h1305
=CAT  \\$aIPL-CLA$c20130102$lBLL01$h1720
=CAT  \\$aBATCH-CLA$b00$c20130228$lBLL01$h1705
=CAT  \\$aWR13.005$c20130323$lBLL01$h1230
=CAT  \\$aIPL-CLA$c20130331$lBLL01$h1052
=CAT  \\$a540_fix$c20130403$lBLL01$h2012
=CAT  \\$aBATCH-CLA$b00$c20130531$lBLL01$h1644
=CAT  \\$aIPL-CLA$c20130701$lBLL01$h0035
=CAT  \\$aBATCH-CLA$b00$c20130830$lBLL01$h1627
=CAT  \\$aIPL-CLA$c20130930$lBLL01$h1737
=CAT  \\$aBATCH-CLA$b00$c20131129$lBLL01$h1655
=CAT  \\$aIPL-CLA$c20131231$lBLL01$h2256
=CAT  \\$aBATCH-CLA$b00$c20140228$lBLL01$h1615
=CAT  \\$aIPL-CLA$c20140331$lBLL01$h1624
=CAT  \\$aBATCH-CLA$b00$c20140530$lBLL01$h1711
=CAT  \\$aIPL-CLA$c20140630$lBLL01$h1715
=CAT  \\$aWR14_140$c20140905$lBLL01$h1755
=CAT  \\$a10973$b40$c20220318$lBLL01$h1025
=CAT  \\$a10973$b40$c20220318$lBLL01$h1027
=CFI  0\$aBritish Library not licensed to copy$c0$e01-jul-2014$hC$iCFP Excluded$5Uk
=CFI  2\$aBritish Library not licensed to copy$c0$e01-apr-2014$hC$iCFP Excluded$5Uk
=FIN  \\$aY
=FMT  \\$a  SE
=LAS  \\$a10973$b40$c20220318$lBLL01$h1027
=LEO  \\$aMP5.0000772331
=LEO  \\$aMP10.0000325583
=LEO  \\$aMP13.0000294566
=LEO  \\$aMP25.0000248905
=SRC  \\$aBNB03$bbibmp5.200404.2.ab
=SRC  \\$aDSS01$bbibmp10.200404.2.aa
=SRC  \\$aHSS01$bbibmp13.200404.2.aa
=SRC  \\$aSRI01$bbibmp25.200404.2.aa
=TCO  \\$aCLA$bCLA$c008

