=LDR  06226cas a2201417 a 4500
=001  011819250
=003  Uk
=005  20221231144316.0
=007  ta
=008  890920c19889999enkqr\p\\\\\\\0\\\a0mul\\
=015  \\$aGB8852643$2bnb
=019  y\$ab8852643
=019  9\$ab8852643
=019  c\$a2369166
=019  1\$ab8852643
=019  c\$a2381859
=022  0\$a0952-8059
=039  0\$a2002
=040  \\$aUk$cUk$dUk$dUk
=041  0\$aeng$bfre
=082  04$a340/.11$219
=210  0\$aInt.j. semiot. law
=222  \0$aInternational journal for the semiotics of law
=245  00$aInternational journal for the semiotics of law =$bRevue internationale de sémiotique juridique.
=246  31$aRevue internationale de sémiotique juridique
=246  18$aR.I.S.J.
=246  18$aI.J.S.L.
=246  10$aRISJ
=246  10$aIJSL
=260  \\$aRoby (18 Lawton Rd., Roby, Merseyside L36 4HW) :$bDeborah Charles Publications on behalf of the International Association for the Semiotics of Law,$c1988-
=300  \\$av. ;$c24 cm.
=310  \\$aTwo issues yearly
=336  \\$atext$2rdacontent
=337  \\$aunmediated$2rdamedia
=338  \\$avolume$2rdacarrier
=362  0\$aVol. 1, no. 1 (1988)-
=540  \\$aCurrent copyright fee: GBP29.95$c22\1$5Uk
=546  \\$aText mainly in English, but also in French.
=650  \0$aLaw$xPhilosophy$vPeriodicals.
=650  \0$aSemiotics$vPeriodicals.
=650  \0$aSemantics (Law)$vPeriodicals.
=710  2\$aInternational Association for the Semiotics of Law.
=852  41$aBritish Library$bDSC$j4542.544670$3Vol. 1, no. 1 (1988)-v. 23, no. 4 (2010)***UKRR Retained Title***Stock Incomplete
=852  41$aBritish Library$bHMNTS$jZK.9.a.1023$3Vol. 1, no.1 (1988)-v. 22, no. 2 (2009)
=856  \\$31850-9999$uhttp://www.springer.com/gb/$xBLDSS
=945  \\$aINTERNATIONAL JOURNAL FOR THE SEMIOTICS OF LAW.
=958  \\$aYC.1988.b.6480
=959  \\$fHeld but not currently received
=963  \\$aCA/U13 VOL. 1, 1988- *A=1$bN
=985  \\$aRecord merged by DQ team
=985  \\$aISSN responsibility held by ISSN Netherlands - 19/10/11
=A02  \\$a2369166
=ACF  \\$aPrevious copyright fee: GBP21.25$c13\1$e01-jan-2009$fGBP21.25$g0$hP$5Uk
=ACF  \\$aPrevious copyright fee: GBP16.75$c13\1$e01-jan-2007$fGBP16.75$g0$hP$5Uk
=ACF  \\$aPrevious copyright fee: GBP16.22$c13\1$e01-oct-2006$fGBP16.22$g0$hP$5Uk
=ACF  \\$aPrevious copyright fee: GBP17.14$c13\1$e01-apr-2006$fGBP17.14$g0$hP$5Uk
=ACF  \\$aPrevious copyright fee: GBP16.67$c13\1$e01-jan-2006$fGBP16.67$g0$hP$5Uk
=ACF  \\$aPrevious copyright fee: GBP16.22$c13\1$e01-apr-2005$fGBP16.22$g0$hP$5Uk
=ACF  \\$aPrevious copyright fee: GBP16.67$c13\1$e01-jan-2005$fGBP16.67$g0$hP$5Uk
=ACF  \\$aPrevious copyright fee: GBP13.51$c13\1$e01-apr-2004$fGBP13.51$g0$hP$5Uk
=ACF  \\$aCurrent copyright fee: GBP14.71$c13\1$e01-jan-2004$fGBP14.71$g0$hP$5Uk
=ACF  \\$aCurrent copyright fee: GBP15.63$c13\1$e01-jan-2003$fGBP15.63$g0$hP$5Uk
=ACF  \\$aPrevious copyright fee: GBP22.00$c13\1$e01-apr-2009$fGBP22.00$g0$hP$5Uk
=ACF  \\$aPrevious copyright fee: GBP22.00$c13\1$e12-aug-2012$fGBP22.00$g0$hP$5Uk
=ACF  \\$aPrevious copyright fee: GBP25.00$c13\1$e01-jan-2013$fGBP25.00$g0$hP$5Uk
=ACF  \\$aPrevious copyright fee: GBP25.77$c13\1$e01-jul-2013$fGBP25.77$g0$hP$5Uk
=ACF  \\$aPrevious copyright fee: GBP24.97$c13\1$e01-jan-2014$fGBP24.97$g0$hP$5Uk
=ACF  \\$aPrevious copyright fee: GBP24.21$c13\1$e01-jul-2014$fGBP24.21$g0$hP$5Uk
=ACF  \\$aPrevious copyright fee: GBP25.77$c13\1$e01-apr-2015$fGBP25.77$g0$hP$5Uk
=ACF  \\$aPrevious copyright fee: GBP26.63$c13\1$e01-jul-2015$fGBP26.63$g0$hP$5Uk
=ACF  \\$aPrevious copyright fee: GBP25.77$c13\1$e01-oct-2015$fGBP25.77$g0$hP$5Uk
=ACF  \\$aPrevious copyright fee: GBP27.55$c13\1$e01-apr-2016$fGBP27.55$g0$hP$5Uk
=ACF  \\$aPrevious copyright fee: GBP29.59$c13\1$e01-oct-2016$fGBP29.59$g0$hP$5Uk
=ACF  \\$aPrevious copyright fee: GBP31.96$c13\1$e01-apr-2017$fGBP31.96$g0$hP$5Uk
=ACF  \\$aPrevious copyright fee: GBP30.73$c13\1$e01-oct-2017$fGBP30.73$g0$hP$5Uk
=ACF  \\$aPrevious copyright fee: GBP28.54$c13\1$e01-apr-2018$fGBP28.54$g0$hP$5Uk
=CAT  \\$aWR09-126
=CAT  \\$aWR14_140$c20140905$lBLL01$h1755
=CAT  \\$aBLDSS-3PM$b00$c20150103$lBLL01$h1042
=CAT  \\$aBATCH-UPD$b00$c20150219$lBLL01$h1642
=CAT  \\$aIPL-CLA$c20150331$lBLL01$h1631
=CAT  \\$aBATCH-UPD$b00$c20150520$lBLL01$h1701
=CAT  \\$aIPL-CLA$c20150630$lBLL01$h1641
=CAT  \\$aBATCH-UPD$b00$c20150820$lBLL01$h1751
=CAT  \\$aIPL-CLA$c20150930$lBLL01$h1757
=CAT  \\$aBATCH-UPD$b00$c20160217$lBLL01$h1637
=CAT  \\$aIPL-CLA$c20160331$lBLL01$h1717
=CAT  \\$aBATCH-UPD$b00$c20160413$lBLL01$h1814
=CAT  \\$aBATCH-UPD$b00$c20160524$lBLL01$h2155
=CAT  \\$aBATCH-UPD$b00$c20160524$lBLL01$h2241
=CAT  \\$aBATCH-UPD$b00$c20160824$lBLL01$h1714
=CAT  \\$aIPL-CLA$c20160930$lBLL01$h1556
=CAT  \\$aBATCH-UPD$b00$c20170216$lBLL01$h1801
=CAT  \\$aIPL-CLA$c20170331$lBLL01$h1838
=CAT  \\$aBATCH-UPD$b00$c20170904$lBLL01$h1802
=CAT  \\$aIPL-CLA$c20170929$lBLL01$h1722
=CAT  \\$aBATCH-UPD$b00$c20180223$lBLL01$h1618
=CAT  \\$aIPL-CLA$c20180331$lBLL01$h1613
=CAT  \\$aBATCH-UPD$b00$c20180524$lBLL01$h1652
=CAT  \\$aIPL-CLA$c20180630$lBLL01$h1913
=CAT  \\$aBATCH-UPD$b00$c20221121$lBLL01$h1358
=CAT  \\$aIPL-CLA$c20221231$lBLL01$h1443
=CFI  0\$aCurrent copyright fee: GBP29.95$c22\1$e01-jan-2023$fGBP29.95$g0$hP$5Uk
=CFI  2\$aPrevious copyright fee: GBP34.00$c22\1$e01-jul-2018$fGBP34.00$g0$hP$5Uk
=EST  \\$a2
=FFP  \\$aY$bBLDSS-3PM
=FIN  \\$aY
=FMT  \\$a  SE
=LAS  \\$aIPL-CLA$b00$c20221231$lBLL01$h1443
=LEO  \\$aMP10.0000510595
=LEO  \\$aMP5.0000772915
=LEO  \\$aMP10.0000296030
=LEO  \\$aMP13.0000294995
=LEO  \\$aMP22.0000026598
=SRC  \\$aBNB03$bbibmp5.200404.2.ab
=SRC  \\$aDSS01$bbibmp10.200404.2.aa
=SRC  \\$aHSS01$bbibmp13.200404.2.aa
=SRC  \\$aISN01$bbibmp22.200404.2.aa
=TCO  \\$aCLA$bCLA$c008
=TOC  \\$aETOC
=UNO  \\$aY

