=LDR  05676cas a2201297 a 4500
=001  011825230
=003  Uk
=005  20230210005905.0
=006  aa\\\|||||||||||||
=007  ta
=008  860806c19859999enk\x\p\\\\\\\0\\\a0eng\\
=015  \\$aGB8952937$2bnb
=016  \\$a011825230
=019  y\$ab8952937
=019  9\$ab8952937
=019  1\$ab8952937
=019  c\$a2417073
=022  1\$a0267-7164
=039  0\$a2061
=040  \\$aUk$beng$cUk$dUk
=042  \\$aukblsr
=043  \\$ae-uk---
=050  00$aHC256.6
=082  04$a330.941$222
=222  \0$aEconomic notes$b(London)
=245  00$aEconomic notes.
=246  3\$aLibertarian Alliance :$beconomic notes,$f<no. 109 (2008)>-
=260  \\$aLondon (3 Langley Court, Covent Garden, WC2E 9JY) :$bLibertarian Alliance,$c1985-
=300  \\$av. :$bill. ;$c30 cm.
=310  \\$aIrregular
=336  \\$atext$2rdacontent
=337  \\$aunmediated$2rdamedia
=338  \\$avolume$2rdacarrier
=362  0\$aNo. 1-
=500  \\$aIssues also have distinctive titles.
=500  \\$aDescription based on: No. 3 (1988).
=500  \\$aLatest issue consulted: No. 110 (2008).
=540  \\$aCurrent Copyright Fee: GBP25.00$c0$5Uk
=651  \0$aGreat Britain$xEconomic conditions$y1945-.
=690  7\$aManagement and Business Studies$2blcoll
=710  2\$aLibertarian Alliance.
=776  0\$tEconomic notes$c(Online)$x2042-2547
=852  41$aBritish Library$bHMNTS$jZC.9.b.3258$3No. 3-no. 5; no. 29 (1990)-no. 94 [2002]; no. 109 (2008)-no. 110 (2008)
=852  41$aBritish Library$bDSC$j3653.931000$3No. 46 (1992)-no. 60 (1994); no. 63 (1995)-no. 73 (1996); no. 78 (1998)-no. 84 (1999; no. 91 (2001)-no. 93 (2001)
=945  \\$aECONOMIC NOTES -LONDON- LIBERTARIAN ALLIANCE-
=959  \\$fHeld but not currently received
=963  \\$aNO. 7, 1988- *A=1$bN$cU
=985  \\$aResponsibility for ISSN transferred to ISSN International Centre from ISSN UK Centre, 03/03/11.
=ACF  \\$aPrevious Copyright Fee: GBP12.00$c0$e01-apr-2012$fGBP12.00$g0$hC$5Uk
=ACF  \\$aPrevious Copyright Fee: GBP12.00$c0$e01-jan-2012$fGBP12.00$g0$hC$5Uk
=ACF  \\$aPrevious Copyright Fee: GBP10.50$c0$e01-oct-2011$fGBP10.50$g0$hC$5Uk
=ACF  \\$aPrevious Copyright Fee: GBP10.50$c0$e01-jul-2011$fGBP10.50$g0$hC$5Uk
=ACF  \\$aPrevious Copyright Fee: GBP10.50$c0$e01-apr-2011$fGBP10.50$g0$hC$5Uk
=ACF  \\$aPrevious Copyright Fee: GBP10.50$c0$e01-jan-2011$fGBP10.50$g0$hC$5Uk
=ACF  \\$aPrevious Copyright Fee: GBP9.00$c0$e01-oct-2010$fGBP9.00$g0$hC$5Uk
=ACF  \\$aPrevious Copyright Fee: GBP9.00$c0$e01-jul-2010$fGBP9.00$g0$hC$5Uk
=ACF  \\$aPrevious Copyright Fee: GBP9.00$c0$e01-apr-2010$fGBP9.00$g0$hC$5Uk
=ACF  \\$aPrevious Copyright Fee: GBP9.00$c0$e01-Jan-2010$fGBP9.00$g0$hC$5Uk
=ACF  \\$aPrevious Copyright Fee: GBP6.00$c0$e01-oct-2009$fGBP6.00$g0$hC$5Uk
=ACF  \\$aPrevious copyright fee: GBP5.00$c0$e01-jan-2003$fGBP5.00$g0$hC$5Uk
=ACF  \\$aBritish Library not licensed to copy$c0$e24-may-2002$g0$hC$iCLA-excluded$5Uk
=ACF  \\$aCurrent copyright fee: GBP4.40$c0$e01-jul-1998$fGBP4.40$g0$hA$5Uk
=ACF  \\$aPrevious Copyright Fee: GBP12.00$c0$e01-jul-2012$fGBP12.00$g0$hC$5Uk
=ACF  \\$aPrevious Copyright Fee: GBP12.00$c0$e01-oct-2012$fGBP12.00$g0$hC$5Uk
=ACF  \\$aPrevious Copyright Fee: GBP12.30$c0$e01-jan-2014$fGBP12.30$g0$hC$5Uk
=ACF  \\$aPrevious Copyright Fee: GBP15.00$c0$e01-jan-2017$fGBP15.00$g0$hC$5Uk
=ACF  \\$aPrevious Copyright Fee: GBP17.50$c0$e01-jan-2018$fGBP17.50$g0$hC$5Uk
=ACF  \\$aPrevious Copyright Fee: GBP20.00$c0$e01-jan-2020$fGBP20.00$g0$hC$5Uk
=ACF  \\$aPrevious Copyright Fee: GBP22.50$c0$e01-jan-2021$fGBP22.50$g0$hC$5Uk
=CAT  \\$aWR09-126
=CAT  \\$aBATCH-CLA$b00$c20111130$lBLL01$h1200
=CAT  \\$aIPL-CLA$c20111230$lBLL01$h1955
=CAT  \\$aBATCH-CLA$b00$c20120229$lBLL01$h1604
=CAT  \\$aIPL-CLA$c20120330$lBLL01$h1428
=CAT  \\$aBATCH-CLA$b00$c20120531$lBLL01$h1714
=CAT  \\$aIPL-CLA$c20120629$lBLL01$h1026
=CAT  \\$aBATCH-CLA$b00$c20120831$lBLL01$h1540
=CAT  \\$aIPL-CLA$c20120930$lBLL01$h2108
=CAT  \\$aBATCH-CLA$b00$c20121109$lBLL01$h1742
=CAT  \\$aWR13.005$c20130323$lBLL01$h1231
=CAT  \\$aBATCH-CLA$b00$c20131129$lBLL01$h1638
=CAT  \\$aIPL-CLA$c20131231$lBLL01$h2257
=CAT  \\$aWR14_140$c20140905$lBLL01$h1756
=CAT  \\$aWR16_021$c20160610$lBLL01$h1936
=CAT  \\$aBATCH-016$c20160905$lBLL01$h1706
=CAT  \\$aBATCH-CLA$b00$c20161130$lBLL01$h1639
=CAT  \\$aIPL-CLA$c20161230$lBLL01$h2050
=CAT  \\$aBATCH-CLA$b00$c20171130$lBLL01$h1655
=CAT  \\$aIPL-CLA$c20171231$lBLL01$h1606
=CAT  \\$aBATCH-CLA$b00$c20191129$lBLL01$h1626
=CAT  \\$aIPL-CLA$c20191231$lBLL01$h1908
=CAT  \\$aBATCH-CLA$b00$c20201126$lBLL01$h1413
=CAT  \\$aIPL-CLA$c20201231$lBLL01$h2129
=CAT  \\$aBATCH-CLA$b00$c20221130$lBLL01$h1434
=CAT  \\$aIPL-CLA$c20221231$lBLL01$h2032
=CAT  \\$aBATCH-CLA$b00$c20230209$lBLL01$h1521
=CAT  \\$aIPL-CLA$c20230210$lBLL01$h0059
=CFI  0\$aCurrent Copyright Fee: GBP25.00$c0$e09-feb-2023$fGBP25.00$g0$hC$5Uk
=CFI  2\$aBritish Library not licensed to copy$c0$e01-jan-2023$hC$iCFP Excluded$5Uk
=FIN  \\$aY
=FMT  \\$a  SE
=LAS  \\$aIPL-CLA$b00$c20230210$lBLL01$h0059
=LEO  \\$aMP5.0000781230
=LEO  \\$aMP13.0000301116
=LEO  \\$aMP22.0000015391
=LEO  \\$aMP10.0000200788
=SRC  \\$aDSS01$bbibmp10.200404.2.aa
=SRC  \\$aBNB03$bbibmp5.200404.2.ab
=SRC  \\$aHSS01$bbibmp13.200404.2.aa
=SRC  \\$aISN01$bbibmp22.200404.2.aa
=TCO  \\$aCLA$bCLA$c008

