=LDR  05810cas a2201225 a 4500
=001  012089889
=003  Uk
=005  20221231144324.0
=006  m\\\\\\\\d\|\\\\\\
=007  cr||||||||||||
=008  030903c19969999enkqr\p\s\\\\\0\\\a0eng\\
=015  \\$aGBA707509$2bnb
=022  0\$a1741-2692
=037  \\$aISSN_13632752$bPortico$nTaylor & Francis
=040  \\$aUk$beng$cUk$dUk
=042  \\$aukblsr
=082  04$a371.9305$222
=130  0\$aEmotional and behavioural difficulties (Online)
=210  0\$aEmot. behav. difficulties$b(Online)
=222  \0$aEmotional & behavioural difficulties$b(Online)
=245  10$aEmotional and behavioural difficulties$h[electronic resource].
=246  3\$aEmotional & behavioural difficulties
=260  \\$a[East Sutton] :$b[The Association],$c1996-
=260  2\$aLondon :$bSage Publications
=260  3\$aAbingdon :$bRoutledge
=310  \\$aQuarterly,$b2000-
=321  \\$aThree issues yearly,$b1996-1999
=336  \\$atext$2rdacontent
=337  \\$acomputer$2rdamedia
=338  \\$aonline resource$2rdacarrier
=362  1\$aPrint began with vol. 1, no. 1 (spring 1996).
=500  \\$aDescription based on: Vol. 1, issue 3 (1996); title from journal information screen on publisher's web site (viewed on 25 Jan. 2006).
=538  \\$aMode of access: World Wide Web.
=540  \\$aCurrent copyright fee: GBP37.00$c2\0$5Uk
=550  \\$aOfficial journal of SEBDA.
=588  \\$aLatest issue consulted: volume 20, issue 4 (2015) (Taylor & Francis Online, viewed January 14, 2016).
=650  \0$aAdjustment disorders in children$vPeriodicals.
=650  \0$aSpecial education$vPeriodicals.
=650  \0$aBehavior disorders in children$vPeriodicals.
=690  7\$aSocial Welfare$2blcoll
=710  2\$aAssociation of Workers for Children with Emotional and Behavioural Difficulties.
=710  2\$aSocial, Emotional and Behavioural Difficulties Association.
=776  08$iAlso issued in print as:$tEmotional and behavioural difficulties$x1363-2752
=852  41$aBritish Library$bDSC$j3733.567500$3Volume 11:Issue 1(2006)-Volume 16:Issue 4(2011)***See ESTAR for full holdings.
=852  41$aBritish Library$bHMNTS$jELD Digital store$3Volume 21:Issue 1(2016)-***Previous issues available in print copy
=856  \\$31850-9999$uhttp://www.tandfonline.com/$xBLDSS
=856  40$uhttp://www.tandfonline.com/toc/rebd20/current
=859  \\$aELD$bejournal
=945  \\$aEMOTIONAL AND BEHAVIOURAL DIFFICULTIES.
=959  \\$fHeld but not currently received
=985  \\$aISSN responsibility taken by United States ISSN Center (multinational publisher), 23.10.2013.
=ACF  \\$aPrevious copyright fee: GBP17.00$c2\0$e01-jan-2010$fGBP17.00$g0$hP$5Uk
=ACF  \\$aPrevious copyright fee: GBP16.00$c2\0$e01-jan-2009$fGBP16.00$g0$hP$5Uk
=ACF  \\$aPrevious copyright fee: GBP15.00$c2\0$e01-apr-2008$fGBP15.00$g0$hP$5Uk
=ACF  \\$aPrevious copyright fee: GBP16.00$c2\0$e01-jan-2007$fGBP16.00$g0$hP$5Uk
=ACF  \\$aPrevious copyright fee: GBP21.00$c2\0$e01-jan-2011$fGBP21.00$g0$hP$5Uk
=ACF  \\$aPrevious copyright fee: GBP23.00$c2\0$e01-jan-2012$fGBP23.00$g0$hP$5Uk
=ACF  \\$aPrevious copyright fee: GBP23.50$c2\0$e01-jan-2013$fGBP23.50$g0$hP$5Uk
=ACF  \\$aPrevious copyright fee: GBP24.00$c2\0$e01-jan-2014$fGBP24.00$g0$hP$5Uk
=ACF  \\$aPrevious copyright fee: GBP25.00$c2\0$e01-jan-2015$fGBP25.00$g0$hP$5Uk
=ACF  \\$aPrevious copyright fee: GBP26.00$c2\0$e01-jan-2016$fGBP26.00$g0$hP$5Uk
=ACF  \\$aPrevious copyright fee: GBP28.00$c2\0$e01-jan-2017$fGBP28.00$g0$hP$5Uk
=ACF  \\$aPrevious copyright fee: GBP30.00$c2\0$e01-jan-2018$fGBP30.00$g0$hP$5Uk
=ACF  \\$aPrevious copyright fee: GBP32.00$c2\0$e01-jan-2019$fGBP32.00$g0$hP$5Uk
=ACF  \\$aPrevious copyright fee: GBP34.00$c2\0$e01-jan-2020$fGBP34.00$g0$hP$5Uk
=CAT  \\$aCONV$b00$c20040425$lBLL90$h0850
=CAT  \\$aBATCH-UPD$b40$c20131119$lBLL01$h1959
=CAT  \\$aIPL-CLA$c20131231$lBLL01$h2259
=CAT  \\$aWR14_140$c20140905$lBLL01$h1757
=CAT  \\$aBATCH-UPD$b00$c20141124$lBLL01$h1801
=CAT  \\$aBLDSS-3PM$b00$c20141130$lBLL01$h1247
=CAT  \\$aIPL-CLA$c20141231$lBLL01$h1649
=CAT  \\$aBATCH-UPD$b00$c20151119$lBLL01$h1542
=CAT  \\$aIPL-CLA$c20151231$lBLL01$h1917
=CAT  \\$a8464$b40$c20160111$lBLL01$h1435
=CAT  \\$a11205$b40$c20160114$lBLL01$h1052
=CAT  \\$a8464$b40$c20160204$lBLL01$h1034
=CAT  \\$aBATCH-UPD$b40$c20160603$lBLL01$h1949
=CAT  \\$aBATCH-UPD$b40$c20161122$lBLL01$h1511
=CAT  \\$aIPL-CLA$c20161230$lBLL01$h2053
=CAT  \\$aBATCH-UPD$b00$c20171121$lBLL01$h1646
=CAT  \\$aW1711-1005$c20171206$lBLL01$h1814
=CAT  \\$aIPL-CLA$c20171231$lBLL01$h1608
=CAT  \\$aBATCH-UPD$b00$c20181217$lBLL01$h1637
=CAT  \\$aIPL-CLA$c20181231$lBLL01$h1539
=CAT  \\$aBATCH-UPD$b00$c20191122$lBLL01$h1859
=CAT  \\$aIPL-CLA$c20191231$lBLL01$h1910
=CAT  \\$aBATCH-UPD$b00$c20201118$lBLL01$h1333
=CAT  \\$aIPL-CLA$c20201231$lBLL01$h1527
=CAT  \\$aBATCH-UPD$b00$c20221121$lBLL01$h1346
=CAT  \\$aIPL-CLA$c20221231$lBLL01$h1443
=CFI  0\$aCurrent copyright fee: GBP37.00$c2\0$e01-jan-2023$fGBP37.00$g0$hP$5Uk
=CFI  2\$aPrevious copyright fee: GBP35.00$c2\0$e01-jan-2021$fGBP35.00$g0$hP$5Uk
=EST  \\$a1
=FFP  \\$aY$bBLDSS-3PM
=FIN  \\$aY
=FMT  \\$a  SE
=LAS  \\$aIPL-CLA$b00$c20221231$lBLL01$h1443
=LEO  \\$aMP22.0000071255
=LET  \0$aEmotional and behavioural difficulties (Electronic)
=LKR  \\$aPAR$b007245713$lBLL01$nEmotional and behavioural difficulties (Print)$mEmotional and behavioural difficulties (Online)$r776
=MNI  \\$a1363-2752
=SRC  \\$aISN01$bbibmp22.200404.2.aa
=TCO  \\$aCLA$bCLA$c008
=TOC  \\$aETOC

