=LDR  03850cas a2200925 a 4500
=001  012089961
=003  Uk
=005  20180601141646.0
=007  cr||||||||||||
=008  030728c19849999cc\mr\p\o\\\\\0\\\a0eng\\
=010  \\$a  2006264575
=015  \\$aGBB516180$2bnb
=022  0\$a1741-3540$l0256-307X$y0256-307X
=030  \\$aCPLEEU
=035  \\$a(OCoLC)45698270$z(OCoLC)60648494$z(OCoLC)224571785
=037  \\$aISSN_0256307X$bPortico$nInstitute of Physics Publishing
=040  \\$aOH1$beng$cOH1$dOCLCQ$dIAI$dBUF$dOCLCQ$dCUD$dOCLCQ$dUk
=042  \\$aukblsr
=050  \4$aQC1$b.C5235
=082  04$a530.05$223
=130  0\$aChinese physics letters (Online)
=210  0\$aChin. phys. lett.$b(Online)
=222  \0$aChinese physics letters$b(Online)
=245  10$aChinese physics letters$h[electronic resource].
=246  13$aZhongguo wuli kuaibao
=246  17$aChin. phys. lett.
=260  \\$a[Beijing, China] :$bChinese Physical Society
=300  \\$billustrations (colour)
=310  \\$aMonthly
=336  \\$atext$2rdacontent
=337  \\$acomputer$2rdamedia
=338  \\$aonline resource$2rdacarrier
=362  1\$aPrint began with vol. 1, no. 1 (Aug. 1984).
=540  \\$aCurrent Copyright Fee: GBP30.00$c77\0$5Uk
=588  \\$aDescription based on: Vol. 18, no. 1 (Jan. 2001); title from cover PDF (IoP electronic journals, viewed Apr. 24, 2006).
=588  \\$aLatest issue consulted: volume 32, number 2 (February 2015) (IOPscience, viewed February 5, 2015).
=650  \0$aPhysics$vPeriodicals.
=655  \0$aElectronic journals.
=710  2\$aZhongguo wu li xue hui,$eissuing body.
=776  08$iPrint version:$tChinese physics letters$x0256-307X
=852  41$aBritish Library$bHMNTS$jELD Digital store$3Volume 32:Number 1(2015:Jan.)-***Previous issues available in print copy
=856  40$uhttp://iopscience.iop.org/0256-307X
=856  40$uhttp://www.iop.org/EJ/CPL$zConnect to Chinese physics letters (Online)
=856  40$uhttp://www.iop.org/EJ/journal/0256-307X/18
=856  \\$31850-9999$uhttp://ioppublishing.org/$xBLDSS
=859  \\$aELD$bejournal
=945  \\$aChinese physics letters.
=979  \\$aBritish Library$bDSC$j3181.048400
=985  \\$aISSN UK Centre note: Contacted ISSN China regarding change of responsibility. Awaiting response. See email sent April 28 2015. UK coding removed to prevent rejection of record from Portal. ISSN UK, 28.04.2015.
=CAT  \\$aCONV$b00$c20040425$lBLL90$h0850
=CAT  \\$aCONV$b00$c20040502$lBLL01$h1456
=CAT  \\$aglobal_upd$b40$c20060417$lBLL01$h1841
=CAT  \\$aBATCH$b00$c20091210$lBLL01$h0648
=CAT  \\$a5552$b40$c20121204$lBLL01$h1119
=CAT  \\$aBLDSS-3PM$b00$c20141121$lBLL01$h1820
=CAT  \\$a10876$b40$c20150113$lBLL01$h1135
=CAT  \\$a8323$b40$c20150205$lBLL01$h1208
=CAT  \\$a11313$b40$c20150428$lBLL01$h0904
=CAT  \\$a11313$b40$c20150428$lBLL01$h0907
=CAT  \\$aBATCH-UPD$b40$c20160413$lBLL01$h1815
=CAT  \\$aBATCH-UPD$b40$c20160620$lBLL01$h0153
=CAT  \\$a5552$b40$c20161216$lBLL01$h1532
=CAT  \\$aW1711-1005$c20171206$lBLL01$h1815
=CAT  \\$a5552$b40$c20180601$lBLL01$h1036
=CAT  \\$a5552$b40$c20180601$lBLL01$h1416
=CAT  \\$aIPL-CLA$c20180630$lBLL01$h1913
=CFI  0\$aCurrent Copyright Fee: GBP30.00$c77\0$e01-jul-2018$fGBP30.00$g0$hP$5Uk
=CFI  2\$aPrevious copyright fee: GBP20.00$c77\0$e04-dec-2012$fGBP20.00$g0$hP$5Uk
=FFP  \\$aY$bBLDSS-3PM
=FIN  \\$aY
=FMT  \\$a  SE
=LAS  \\$aIPL-CLA$b00$c20180630$lBLL01$h1913
=LEO  \\$aMP22.0000071330
=LKR  \\$aPAR$b012391832$lBLL01$nChinese physics letters (Print)$mChinese physics letters (Online)$r776
=MNI  \\$a0256-307X
=SID  \\$aZ39$bOCLC
=SRC  \\$aISN01$bbibmp22.200404.2.aa
=TCO  \\$aCLA$bCLA$c008
=TOC  \\$aETOC
=UNO  \\$aY

