=LDR  05208cas a2201201 a 4500
=001  012090469
=003  Uk
=005  20230930080605.0
=006  m\\\\\o\\d\\\\\\\\
=007  cr\cn|||||||||
=008  050113c19859999enkmr\pss\\\\\0\\\a0eng\d
=010  \\$a2005263042
=022  0\$a1743-2847$y0267-0836
=035  \\$a(OCoLC)57417468$z(OCoLC)48396083
=037  3\$aISSN_02670836_21$bPortico$nTaylor & Francis
=037  \\$aISSN_02670836$bPortico$nManey Publishing
=040  \\$aOUN$beng$cOUN$dTXA$dOCLCQ$dOCL$dOCLCQ$dUk
=042  \\$aukblsr
=050  14$aTA401$b.M3844
=082  04$a620.1105$223
=130  0\$aMaterials science and technology (Online)
=210  0\$aMater. sci. technol.$b(Online)
=222  \0$aMaterials science and technology$b(Online)
=245  10$aMaterials science and technology$h[electronic resource].
=246  13$aMaterials science & technology
=246  1\$iAlso known as:$aMST
=260  \\$aLondon :$bInstitute of Metals
=260  2\$aLeeds :$bManey
=264  31$a[Abingdon] :$bTaylor & Francis
=310  \\$aMonthly
=336  \\$atext$2rdacontent
=337  \\$acomputer$2rdamedia
=338  \\$aonline resource$2rdacarrier
=362  1\$aPrint began with vol. 1, no. 1 (Jan. 1985).
=515  \\$aSome numbers issued in combined form.
=530  \\$aAlso issued in print.
=540  \\$aCurrent copyright fee: GBP43.00$c2\0$5Uk
=550  \\$aPublished on behalf of the Institute of Materials, Minerals and Mining.
=588  \\$aDescription based on: Vol. 15, no. 1 (Jan. 1999) (Ingenta, viewed Mar. 1, 2005).
=588  \\$aLatest issue consulted: volume 32, issue 6 (2016) (Taylor & Francis Online, viewed May 25, 2016).
=650  \0$aMaterials science$vPeriodicals.
=650  \0$aMicrostructure$vPeriodicals.
=650  \0$aMetallurgy$vPeriodicals.
=710  2\$aInstitute of Materials, Minerals, and Mining.
=776  1\$tMaterials science and technology$x0267-0836
=780  04$tMetal science$x2057-7834
=780  04$tMetals technology$x2057-7826
=852  41$aBritish Library$bSTI$jELD Digital store$3Volume 29:Number 4(2013:Apr.)-***Previous issues available in print copy
=856  40$uhttp://www.tandfonline.com/toc/ymst20/current
=856  \\$31850-9999$uhttp://maneypublishing.com/$xBLDSS
=856  40$uhttp://www.ingentaconnect.com/content/maney/mst
=856  40$uhttp://www.ingentaselect.com/02670836
=859  \\$aELD$bejournal
=945  \\$aMATERIALS SCIENCE AND TECHNOLOGY -LONDON-.
=979  \\$aBritish Library$bDSC$j5396.434400
=985  \\$aResponsibility for ISSN transferred to US ISSN Center from ISSN UK Centre, May 27, 2016.
=ACF  \\$aPrevious Copyright Fee: GBP18.00$c47\0$e01-apr-2010$fGBP18.00$g0$hP$5Uk
=ACF  \\$aPrevious copyright fee: GBP30.00$c47\0$e01-jul-2012$fGBP30.00$g0$hP$5Uk
=ACF  \\$aPrevious copyright fee: GBP34.00$c47\0$e01-jan-2016$fGBP34.00$g0$hP$5Uk
=ACF  \\$aPrevious copyright fee: GBP33.00$c47\0$e01-jan-2017$fGBP33.00$g0$hP$5Uk
=ACF  \\$aPrevious copyright fee: GBP31.00$c47\0$e01-apr-2016$fGBP31.00$g0$hP$5Uk
=ACF  \\$aPrevious copyright fee: GBP37.00$c47\0$e15-jan-2019$fGBP37.00$g0$hP$5Uk
=ACF  \\$aPrevious copyright fee: GBP39.00$c47\0$e01-jan-2020$fGBP39.00$g0$hP$5Uk
=ACF  \\$aPrevious copyright fee: GBP41.00$c47\0$e01-jan-2021$fGBP41.00$g0$hP$5Uk
=CAT  \\$aCONV$b00$c20040425$lBLL90$h0850
=CAT  \\$aBLDSS-3PM$b00$c20141208$lBLL01$h1624
=CAT  \\$a11316$b40$c20150119$lBLL01$h1135
=CAT  \\$aBATCH-UPD$b40$c20151119$lBLL01$h1601
=CAT  \\$a10902$b40$c20151121$lBLL01$h0928
=CAT  \\$aIPL-CLA$c20151231$lBLL01$h1917
=CAT  \\$a14448$b40$c20160205$lBLL01$h1140
=CAT  \\$a5552$b40$c20160303$lBLL01$h0840
=CAT  \\$aIPL-CLA$c20160331$lBLL01$h1718
=CAT  \\$aBATCH-UPD$b00$c20160413$lBLL01$h1815
=CAT  \\$a11433$b40$c20160418$lBLL01$h1214
=CAT  \\$a10973$b40$c20160525$lBLL01$h1315
=CAT  \\$a10973$b40$c20160527$lBLL01$h1604
=CAT  \\$aBATCH-UPD$b40$c20161122$lBLL01$h1545
=CAT  \\$aIPL-CLA$c20161230$lBLL01$h2053
=CAT  \\$a5552$b40$c20170329$lBLL01$h1054
=CAT  \\$aW1711-1005$c20171206$lBLL01$h1815
=CAT  \\$a5552$b40$c20190115$lBLL01$h1040
=CAT  \\$aBATCH-UPD$b40$c20191122$lBLL01$h1917
=CAT  \\$aIPL-CLA$c20191231$lBLL01$h1910
=CAT  \\$aBATCH-UPD$b00$c20201118$lBLL01$h1351
=CAT  \\$aIPL-CLA$c20201231$lBLL01$h1527
=CAT  \\$aBATCH-UPD$b00$c20221121$lBLL01$h1426
=CAT  \\$aIPL-CLA$c20221231$lBLL01$h1443
=CAT  \\$aR2308-1440$c20230824$lBLL01$h0927
=CAT  \\$aIPL-CLA$c20230930$lBLL01$h0806
=CFI  0\$aCurrent copyright fee: GBP43.00$c2\0$e01-oct-2023$fGBP43.00$g0$hP$5Uk
=CFI  2\$aPrevious copyright fee: GBP43.00$c47\0$e01-jan-2023$fGBP43.00$g0$hP$5Uk
=FFP  \\$aY$bBLDSS-3PM
=FIN  \\$aY
=FMT  \\$a  SE
=LAS  \\$aIPL-CLA$b00$c20230930$lBLL01$h0806
=LEO  \\$aMP22.0000072042
=LKR  \\$aPAR$b011753255$lBLL01$r776$mMaterials science and technology (Online)$nMaterials science and technology (Print)
=MNI  \\$a0267-0836
=SID  \\$aZ39$bOCLC
=SRC  \\$aISN01$bbibmp22.200404.2.aa
=TCO  \\$aCLA$bCLA$c008
=TOC  \\$aETOC

