=LDR  06203cas a2201153ua 4500
=001  012090662
=003  Uk
=005  20230210005920.0
=008  961211d1987\\\\enkm|\p|||\\\||\\\||eng\\
=019  0\$as001260111
=022  0\$a0141-8637
=040  \\$aUk$cUk
=084  \\$aPQ 00$2blsrissc
=084  \\$aQV 14$2blsrissc
=245  00$aPhilosophical magazine.$pB, Physics of condensed matter: structural, electronic, optical and magnetic properties.
=260  \\$aLondon :$bTaylor & Francis,$c1987-95.
=300  \\$c26cm.
=336  \\$atext$2rdacontent
=337  \\$aunmediated$2rdamedia
=338  \\$avolume$2rdacarrier
=540  \\$aCurrent Copyright Fee: GBP18.02$c0$5Uk
=580  \\$aContinuation of "Philosophical magazine : physics of condensed matter. B, Structural, electronic, optical and magnetic properties", q.v.
=580  \\$aContinued as "Philosophical magazine. B, Physics of condensed matter: statistical mechanics, electronic, optical and magnetic properties", q.v.
=852  71$aBritish Library$bSTI$k(P)$hPQ 00$m-E(82)$2blsrissc$31987-1995; Vol.55, no.3 - vol.71.
=886  2\$2blmarc$a029$b00$as001260081$as00126012x
=945  \\$aPHILOSOPHICAL MAGAZINE B.
=957  \\$aCR
=968  \\$bx
=985  \\$aISSN responsibility in process of transfer to ISSN US Centre- title changes being reviewed -10.3.08
=ACF  \\$aPrevious Copyright Fee: GBP18.02$c0$e01-apr-2012$fGBP18.02$g0$hC$5Uk
=ACF  \\$aPrevious Copyright Fee: GBP18.02$c0$e01-jan-2012$fGBP18.02$g0$hC$5Uk
=ACF  \\$aPrevious Copyright Fee: GBP18.02$c0$e01-oct-2011$fGBP18.02$g0$hC$5Uk
=ACF  \\$aPrevious Copyright Fee: GBP18.02$c0$e01-jul-2011$fGBP18.02$g0$hC$5Uk
=ACF  \\$aPrevious Copyright Fee: GBP18.02$c0$e01-apr-2011$fGBP18.02$g0$hC$5Uk
=ACF  \\$aPrevious Copyright Fee: GBP18.02$c0$e01-jan-2011$fGBP18.02$g0$hC$5Uk
=ACF  \\$aPrevious Copyright Fee: GBP18.02$c0$e01-oct-2010$fGBP18.02$g0$hC$5Uk
=ACF  \\$aPrevious Copyright Fee: GBP18.02$c0$e01-jul-2010$fGBP18.02$g0$hC$5Uk
=ACF  \\$aPrevious Copyright Fee: GBP18.02$c0$e01-apr-2010$fGBP18.02$g0$hC$5Uk
=ACF  \\$aPrevious Copyright Fee: GBP15.00$c0$e01-Jan-2010$fGBP15.00$g0$hC$5Uk
=ACF  \\$aPrevious Copyright Fee: GBP15.00$c0$e01-oct-2009$fGBP15.00$g0$hC$5Uk
=ACF  \\$aPrevious Copyright Fee: GBP15.00$c0$e01-jul-2009$fGBP15.00$g0$hC$5Uk
=ACF  \\$aPrevious Copyright Fee: GBP15.00$c0$e01-apr-2009$fGBP15.00$g0$hC$5Uk
=ACF  \\$aPrevious Copyright Fee: GBP15.00$c0$e01-jan-2009$fGBP15.00$g0$hC$5Uk
=ACF  \\$aPrevious Copyright Fee: GBP15.00$c0$e01-oct-2008$fGBP15.00$g0$hC$5Uk
=ACF  \\$aPrevious Copyright Fee: GBP15.00$c0$e01-jul-2008$fGBP15.00$g0$hC$5Uk
=ACF  \\$aPrevious Copyright Fee: GBP15.00$c0$e01-apr-2008$fGBP15.00$g0$hC$5Uk
=ACF  \\$aPrevious Copyright Fee: GBP15.00$c0$e01-jan-2008$fGBP15.00$g0$hC$5Uk
=ACF  \\$aPrevious Copyright Fee: GBP15.00$c0$e01-oct-2007$fGBP15.00$g0$hC$5Uk
=ACF  \\$aPrevious Copyright Fee: GBP15.00$c0$e01-jul-2007$fGBP15.00$g0$hC$5Uk
=ACF  \\$aPrevious Copyright Fee: GBP15.00$c0$e01-apr-2007$fGBP15.00$g0$hC$5Uk
=ACF  \\$aPrevious Copyright Fee: GBP15.00$c0$e01-jan-2007$fGBP15.00$g0$hC$5Uk
=ACF  \\$aPrevious Copyright Fee: GBP15.00$c0$e01-oct-2006$fGBP15.00$g0$hC$5Uk
=ACF  \\$aPrevious Copyright Fee: GBP15.00$c0$e01-jul-2006$fGBP15.00$g0$hC$5Uk
=ACF  \\$aPrevious Copyright Fee: GBP15.00$c0$e01-apr-2006$fGBP15.00$g0$hC$5Uk
=ACF  \\$aPrevious Copyright Fee: GBP15.00$c0$e01-jan-2006$fGBP15.00$g0$hC$5Uk
=ACF  \\$aPrevious Copyright Fee: GBP15.00$c0$e01-oct-2005$fGBP15.00$g0$hC$5Uk
=ACF  \\$aPrevious Copyright Fee: GBP15.00$c0$e01-jul-2005$fGBP15.00$g0$hC$5Uk
=ACF  \\$aPrevious Copyright Fee: GBP15.00$c0$e01-apr-2005$fGBP15.00$g0$hC$5Uk
=ACF  \\$aPrevious Copyright Fee: GBP15.00$c0$e01-jan-2005$fGBP15.00$g0$hC$5Uk
=ACF  \\$aPrevious Copyright Fee: GBP15.00$c0$e01-oct-2004$fGBP15.00$g0$hC$5Uk
=ACF  \\$aPrevious Copyright Fee: GBP18.02$c0$e01-jul-2012$fGBP18.02$g0$hC$5Uk
=ACF  \\$aPrevious Copyright Fee: GBP18.02$c0$e01-oct-2012$fGBP18.02$g0$hC$5Uk
=CAT  \\$aCONV$b00$c20040425$lBLL90$h0851
=CAT  \\$aBATCH-UPD$b00$c20100630$lBLL01$h1929
=CAT  \\$aBATCH-UPD$b00$c20100630$lBLL01$h1959
=CAT  \\$aIPL-CLA$c20100630$lBLL01$h2026
=CAT  \\$aBATCH-CLA$b00$c20100831$lBLL01$h1535
=CAT  \\$aIPL-CLA$c20100930$lBLL01$h1521
=CAT  \\$aBATCH-CLA$b00$c20101115$lBLL01$h1609
=CAT  \\$aIPL-CLA$c20101231$lBLL01$h1451
=CAT  \\$aBATCH-CLA$b00$c20110228$lBLL01$h1547
=CAT  \\$aIPL-CLA$c20110331$lBLL01$h1459
=CAT  \\$aBATCH-CLA$b00$c20110531$lBLL01$h1645
=CAT  \\$aIPL-CLA$c20110630$lBLL01$h1538
=CAT  \\$aBATCH-CLA$b00$c20110831$lBLL01$h1806
=CAT  \\$aIPL-CLA$c20110930$lBLL01$h1542
=CAT  \\$aBATCH-CLA$b00$c20111130$lBLL01$h1220
=CAT  \\$aIPL-CLA$c20111230$lBLL01$h1956
=CAT  \\$aBATCH-CLA$b00$c20120229$lBLL01$h1640
=CAT  \\$aIPL-CLA$c20120330$lBLL01$h1429
=CAT  \\$aBATCH-CLA$b00$c20120531$lBLL01$h1724
=CAT  \\$aIPL-CLA$c20120629$lBLL01$h1027
=CAT  \\$aBATCH-CLA$b00$c20120831$lBLL01$h1549
=CAT  \\$aIPL-CLA$c20120930$lBLL01$h2109
=CAT  \\$aBATCH-CLA$b00$c20121109$lBLL01$h1741
=CAT  \\$a5552$b40$c20170309$lBLL01$h1324
=CAT  \\$aBATCH-CLA$b00$c20221130$lBLL01$h1458
=CAT  \\$aIPL-CLA$c20221231$lBLL01$h2035
=CAT  \\$aBATCH-CLA$b00$c20230209$lBLL01$h1544
=CAT  \\$aIPL-CLA$c20230210$lBLL01$h0059
=CFI  0\$aCurrent Copyright Fee: GBP18.02$c0$e09-feb-2023$fGBP18.02$g0$hC$5Uk
=CFI  2\$aBritish Library not licensed to copy$c0$e01-jan-2023$hC$iCFP Excluded$5Uk
=FIN  \\$aY
=FMT  \\$a  SE
=LAS  \\$aIPL-CLA$b00$c20230210$lBLL01$h0059
=LEO  \\$aMP25.0000000099
=SRC  \\$aSRI01$bbibmp25.200404.2.aa
=SSD  \\$a50300{dollar}aContinuation of "Philosophical magazine : physics of condensed matter. B, Structural, electronic, optical and magnetic properties", q.v; 50300{dollar}aContinued as "Philosophical magazine. B, Physics of condensed matter: statistical mechanics, electronic, optical and magnetic properties", q.v
=TCO  \\$aCLA$bCLA$c008

