=LDR  05960cas a2201369 a 4500
=001  012091827
=003  Uk
=005  20221231144327.0
=007  ta
=008  840117c19469999gw\qr\p\\\\\\\0\\\a0eng\\
=019  c\$a2096366
=019  0\$as017645026
=019  x\$a1733560076
=022  0\$a0075-5974
=030  \\$aKEWBAF
=040  \\$aUk$beng$cUk$dUk
=042  \\$aukblsr
=082  04$a580$221
=084  \\$aCT 50$2blsrissc
=210  0\$aKew bull.
=222  \0$aKew bulletin
=245  00$aKew bulletin.
=260  \\$aLondon :$bH.M.S.O.,$c1946-
=260  2\$3<2000->:$aLondon :$bTrustees, Royal Botanic Gardens
=260  3\$3<2012->:$aHeidelberg :$bSpringer on behalf of the Board of Trustees of the Royal Botanic Gardens, Kew
=300  \\$av. :$bill. ;$c28 cm.
=310  \\$aQuarterly
=336  \\$atext$2rdacontent
=337  \\$aunmediated$2rdamedia
=338  \\$avolume$2rdacarrier
=362  1\$aBegan with No. 1 (1946).
=500  \\$aPublished for Royal Botanic Gardens, Kew.
=500  \\$aIssues <2013-> have subtitle: An international journal for taxonomy, systematics and conservation of plants and fungi.
=540  \\$aCurrent copyright fee: GBP29.95$c22\1$5Uk
=555  \\$aCumulative index.
=588  \\$aLatest issue consulted: 68 (3) 2013.
=595  \\$aFORMERLY 2881.31 UP TO 1, 1941.
=650  \0$aBotany$vPeriodicals.
=710  2\$aRoyal Botanic Gardens, Kew.
=770  0\$tKew bulletin. Additional series$x0075-5982
=776  0\$tKew bulletin (Online)$x1874-933X
=780  00$tBulletin of miscellaneous information (Royal Botanic Gardens, Kew)$x0366-4457
=852  41$aBritish Library$bHMNTS$jB.S.36/3.$3No. 1 (1946)-
=852  41$aBritish Library$bDSC$j5091.000000$3Vol. 1 (1946)-v. 65, no. 4 (2010)***UKRR Retained Title
=852  71$aBritish Library$bSTI$k(P)$hCT 50$m-E(22)$2blsrissc$3Vol. 13 (1946)-v. 63, no. 1 (2008)
=856  \\$31850-9999$uhttp://www.springer.com/gb/$xBLDSS
=945  \\$aKEW BULLETIN.
=959  \\$fHeld but not currently received
=963  \\$a1946- *A=1$bY$cP370.C.20
=968  \\$aC
=985  \\$aISSN responsibility taken by ISSN Germany, November 11 2013.
=985  \\$aRecord merged by DQ team
=985  \\$aCONFERENCE ANALYTIC RECORDS EXIST
=A02  \\$a2096366
=ACF  \\$aPrevious copyright fee: GBP21.25$c22\1$e01-jan-2009$fGBP21.25$g0$hP$5Uk
=ACF  \\$aPrevious copyright fee: GBP16.75$c22\1$e13-oct-2008$fGBP16.75$g0$hP$5Uk
=ACF  \\$aPrevious Copyright Fee: GBP6.00$c0$e01-jan-2008$fGBP6.00$g0$hC$5Uk
=ACF  \\$aPrevious copyright fee: GBP5.00$c0$e01-jul-1999$fGBP5.00$g0$hC$5Uk
=ACF  \\$aCurrent copyright fee: GBP4.43$c0$e01-jul-1998$fGBP4.43$g0$hC$5Uk
=ACF  \\$aCurrent copyright fee: GBP4.60$c0$e01-apr-1997$fGBP4.60$g0$hC$5Uk
=ACF  \\$aPrevious copyright fee: GBP22.00$c22\1$e01-apr-2009$fGBP22.00$g0$hP$5Uk
=ACF  \\$aPrevious copyright fee: GBP22.00$c22\1$e12-aug-2012$fGBP22.00$g0$hP$5Uk
=ACF  \\$aPrevious copyright fee: GBP25.00$c22\1$e01-jan-2013$fGBP25.00$g0$hP$5Uk
=ACF  \\$aPrevious copyright fee: GBP25.77$c22\1$e01-jul-2013$fGBP25.77$g0$hP$5Uk
=ACF  \\$aPrevious copyright fee: GBP24.97$c22\1$e01-jan-2014$fGBP24.97$g0$hP$5Uk
=ACF  \\$aPrevious copyright fee: GBP24.21$c22\1$e01-jul-2014$fGBP24.21$g0$hP$5Uk
=ACF  \\$aPrevious copyright fee: GBP25.77$c22\1$e01-apr-2015$fGBP25.77$g0$hP$5Uk
=ACF  \\$aPrevious copyright fee: GBP26.63$c22\1$e01-jul-2015$fGBP26.63$g0$hP$5Uk
=ACF  \\$aPrevious copyright fee: GBP25.77$c22\1$e01-oct-2015$fGBP25.77$g0$hP$5Uk
=ACF  \\$aPrevious copyright fee: GBP27.55$c22\1$e01-apr-2016$fGBP27.55$g0$hP$5Uk
=ACF  \\$aPrevious copyright fee: GBP29.59$c22\1$e01-oct-2016$fGBP29.59$g0$hP$5Uk
=ACF  \\$aPrevious copyright fee: GBP31.96$c22\1$e01-apr-2017$fGBP31.96$g0$hP$5Uk
=ACF  \\$aPrevious copyright fee: GBP30.73$c22\1$e01-oct-2017$fGBP30.73$g0$hP$5Uk
=ACF  \\$aPrevious copyright fee: GBP28.54$c22\1$e01-apr-2018$fGBP28.54$g0$hP$5Uk
=CAT  \\$aCONV$b00$c20040425$lBLL90$h0851
=CAT  \\$aBATCH-CLA$c20140528$lBLL01$h1733
=CAT  \\$aIPL-CLA$c20140630$lBLL01$h1715
=CAT  \\$aBLDSS-3PM$b00$c20150103$lBLL01$h1042
=CAT  \\$aBATCH-UPD$b00$c20150219$lBLL01$h1734
=CAT  \\$aIPL-CLA$c20150331$lBLL01$h1631
=CAT  \\$aBATCH-UPD$b00$c20150520$lBLL01$h1743
=CAT  \\$aIPL-CLA$c20150630$lBLL01$h1641
=CAT  \\$aBATCH-UPD$b00$c20150820$lBLL01$h1830
=CAT  \\$aIPL-CLA$c20150930$lBLL01$h1758
=CAT  \\$aBATCH-UPD$b00$c20160217$lBLL01$h1719
=CAT  \\$aIPL-CLA$c20160331$lBLL01$h1718
=CAT  \\$aBATCH-UPD$b00$c20160524$lBLL01$h2208
=CAT  \\$aBATCH-UPD$b00$c20160525$lBLL01$h0009
=CAT  \\$aBATCH-UPD$b00$c20160824$lBLL01$h1748
=CAT  \\$aIPL-CLA$c20160930$lBLL01$h1557
=CAT  \\$aBATCH-UPD$b00$c20170216$lBLL01$h1835
=CAT  \\$aIPL-CLA$c20170331$lBLL01$h1839
=CAT  \\$aBATCH-UPD$b00$c20170904$lBLL01$h1843
=CAT  \\$aIPL-CLA$c20170929$lBLL01$h1723
=CAT  \\$aBATCH-UPD$b00$c20180223$lBLL01$h1703
=CAT  \\$aIPL-CLA$c20180331$lBLL01$h1613
=CAT  \\$aBATCH-UPD$b00$c20180524$lBLL01$h1708
=CAT  \\$aIPL-CLA$c20180630$lBLL01$h1913
=CAT  \\$aBATCH-UPD$b00$c20221121$lBLL01$h1358
=CAT  \\$aIPL-CLA$c20221231$lBLL01$h1443
=CFI  0\$aCurrent copyright fee: GBP29.95$c22\1$e01-jan-2023$fGBP29.95$g0$hP$5Uk
=CFI  2\$aPrevious copyright fee: GBP34.00$c22\1$e01-jul-2018$fGBP34.00$g0$hP$5Uk
=FFP  \\$aY$bBLDSS-3PM
=FIN  \\$aY
=FMT  \\$a  SE
=LAS  \\$aIPL-CLA$b00$c20221231$lBLL01$h1443
=LEO  \\$aMP10.0000330903
=LEO  \\$aMP22.0000002862
=LEO  \\$aMP25.0000001418
=LEO  \\$aMP1.0002073896.1
=SRC  \\$aBLS01$bbibmp1.200404.2.ac
=SRC  \\$aDSS01$bbibmp10.200404.2.aa
=SRC  \\$aISN01$bbibmp22.200404.2.aa
=SRC  \\$aSRI01$bbibmp25.200404.2.aa
=TCO  \\$aCLA$bCLA$c008
=TOC  \\$aETOC
=UNO  \\$aY

