=LDR  07022cas a22015017a 4500
=001  012108894
=003  Uk
=005  20230209233551.0
=007  ta
=008  770115c19309999enkqr\p\\\\\\\0\\\a0eng\\
=019  x\$a1972190024
=019  c\$a2099451
=019  0\$as500672008
=022  0\$a0305-7518$z0024-1032
=030  \\$aLEREAA
=040  \\$aUk$cUk$dUk
=082  04$a616.988$221
=084  \\$aGV 90(L5)$2blsrissc
=210  0\$aLepr. rev.
=222  \0$aLeprosy review
=245  00$aLeprosy review.
=260  \\$aLondon :$bAcademic Press,$c1930-
=300  \\$c23cm.
=310  \\$aQuarterly
=336  \\$atext$2rdacontent
=337  \\$aunmediated$2rdamedia
=338  \\$avolume$2rdacarrier
=500  \\$aIncludes abstracts.
=500  \\$aPublished for the British Leprosy Relief Association (Lepra)
=540  \\$aCurrent Copyright Fee: GBP25.00$c0$5Uk
=595  \\$aSEE ALSO SERIAL RECORDS RCS.
=710  2\$aBritish Leprosy Relief Association.
=770  0\$tLeprosy review. Supplement$x1359-5792
=780  00$tLeprosy notes
=852  41$aBritish Library$bDSC$j5183.300000$3Vol. 1, no. 1 (1930)-v. 85, no. 4 (2014)***UKRR Retained Title
=852  41$aBritish Library$bHMNTS$jPP.2816.e
=852  71$aBritish Library$bSTI$k(P)$hGV 90$m(L5) -E(3)$2blsrissc$3Vol. 1 (1930)-
=945  \\$aLEPROSY REVIEW.
=959  \\$fHeld but not currently received
=963  \\$aVOL. 1, 1930- *A=1 SEE ALSO RCS.PER.1529$bN$cP312:7.C.2
=985  \\$aCONFERENCE ANALYTIC RECORDS EXIST
=985  \\$aRecord merged by DQ team
=985  \\$a710 not in BLL10 or 12
=985  \\$aISSN responsibility held by United States ISSN Centre 12/4/07
=A02  \\$a2099451
=ACF  \\$aPrevious Copyright Fee: GBP12.00$c0$e01-apr-2012$fGBP12.00$g0$hC$5Uk
=ACF  \\$aPrevious Copyright Fee: GBP12.00$c0$e01-jan-2012$fGBP12.00$g0$hC$5Uk
=ACF  \\$aPrevious Copyright Fee: GBP10.50$c0$e01-oct-2011$fGBP10.50$g0$hC$5Uk
=ACF  \\$aPrevious Copyright Fee: GBP10.50$c0$e01-jul-2011$fGBP10.50$g0$hC$5Uk
=ACF  \\$aPrevious Copyright Fee: GBP10.50$c0$e01-apr-2011$fGBP10.50$g0$hC$5Uk
=ACF  \\$aPrevious Copyright Fee: GBP10.50$c0$e01-jan-2011$fGBP10.50$g0$hC$5Uk
=ACF  \\$aPrevious Copyright Fee: GBP9.00$c0$e01-oct-2010$fGBP9.00$g0$hC$5Uk
=ACF  \\$aPrevious Copyright Fee: GBP9.00$c0$e01-jul-2010$fGBP9.00$g0$hC$5Uk
=ACF  \\$aPrevious Copyright Fee: GBP9.00$c0$e01-apr-2010$fGBP9.00$g0$hC$5Uk
=ACF  \\$aPrevious Copyright Fee: GBP9.00$c0$e01-Jan-2010$fGBP9.00$g0$hC$5Uk
=ACF  \\$aPrevious Copyright Fee: GBP6.00$c0$e01-oct-2009$fGBP6.00$g0$hC$5Uk
=ACF  \\$aPrevious Copyright Fee: GBP6.00$c0$e01-jul-2009$fGBP6.00$g0$hC$5Uk
=ACF  \\$aPrevious Copyright Fee: GBP6.00$c0$e01-apr-2009$fGBP6.00$g0$hC$5Uk
=ACF  \\$aPrevious Copyright Fee: GBP6.00$c0$e01-jan-2009$fGBP6.00$g0$hC$5Uk
=ACF  \\$aPrevious Copyright Fee: GBP6.00$c0$e01-oct-2008$fGBP6.00$g0$hC$5Uk
=ACF  \\$aPrevious Copyright Fee: GBP6.00$c0$e01-jul-2008$fGBP6.00$g0$hC$5Uk
=ACF  \\$aPrevious Copyright Fee: GBP6.00$c0$e01-apr-2008$fGBP6.00$g0$hC$5Uk
=ACF  \\$aPrevious Copyright Fee: GBP6.00$c0$e01-jan-2008$fGBP6.00$g0$hC$5Uk
=ACF  \\$aPrevious Copyright Fee: GBP5.00$c0$e01-oct-2007$fGBP5.00$g0$hC$5Uk
=ACF  \\$aPrevious Copyright Fee: GBP5.00$c0$e01-jul-2007$fGBP5.00$g0$hC$5Uk
=ACF  \\$aPrevious Copyright Fee: GBP5.00$c0$e01-apr-2007$fGBP5.00$g0$hC$5Uk
=ACF  \\$aPrevious Copyright Fee: GBP5.00$c0$e01-jan-2007$fGBP5.00$g0$hC$5Uk
=ACF  \\$aPrevious Copyright Fee: GBP5.00$c0$e01-oct-2006$fGBP5.00$g0$hC$5Uk
=ACF  \\$aPrevious Copyright Fee: GBP5.00$c0$e01-jul-2006$fGBP5.00$g0$hC$5Uk
=ACF  \\$aPrevious Copyright Fee: GBP5.00$c0$e01-apr-2006$fGBP5.00$g0$hC$5Uk
=ACF  \\$aPrevious Copyright Fee: GBP5.00$c0$e01-jan-2006$fGBP5.00$g0$hC$5Uk
=ACF  \\$aPrevious Copyright Fee: GBP5.00$c0$e01-oct-2005$fGBP5.00$g0$hC$5Uk
=ACF  \\$aPrevious Copyright Fee: GBP5.00$c0$e01-jul-2005$fGBP5.00$g0$hC$5Uk
=ACF  \\$aPrevious Copyright Fee: GBP5.00$c0$e01-apr-2005$fGBP5.00$g0$hC$5Uk
=ACF  \\$aPrevious Copyright Fee: GBP5.00$c0$e01-jan-2005$fGBP5.00$g0$hC$5Uk
=ACF  \\$aPrevious Copyright Fee: GBP5.00$c0$e01-oct-2004$fGBP5.00$g0$hC$5Uk
=ACF  \\$aPrevious copyright fee: GBP5.00$c0$e01-jul-2002$fGBP5.00$g0$hC$5Uk
=ACF  \\$aCurrent copyright fee: GBP0.70$c0$e01-jul-2001$fGBP0.70$g0$hC$5Uk
=ACF  \\$aCurrent copyright fee: GBP0.67$c0$e01-jul-2000$fGBP0.67$g0$hC$5Uk
=ACF  \\$aPrevious Copyright Fee: GBP12.00$c0$e01-jul-2012$fGBP12.00$g0$hC$5Uk
=ACF  \\$aPrevious Copyright Fee: GBP12.00$c0$e01-oct-2012$fGBP12.00$g0$hC$5Uk
=ACF  \\$aPrevious Copyright Fee: GBP12.30$c0$e01-jan-2014$fGBP12.30$g0$hC$5Uk
=ACF  \\$aPrevious Copyright Fee: GBP15.00$c0$e01-jan-2017$fGBP15.00$g0$hC$5Uk
=ACF  \\$aPrevious Copyright Fee: GBP17.50$c0$e01-jan-2018$fGBP17.50$g0$hC$5Uk
=ACF  \\$aPrevious Copyright Fee: GBP20.00$c0$e01-jan-2020$fGBP20.00$g0$hC$5Uk
=ACF  \\$aPrevious Copyright Fee: GBP22.50$c0$e01-jan-2021$fGBP22.50$g0$hC$5Uk
=CAT  \\$aWR09-126
=CAT  \\$aBATCH-CLA$b00$c20120229$lBLL01$h1614
=CAT  \\$aBATCH-CLA$b00$c20120229$lBLL01$h1622
=CAT  \\$aIPL-CLA$c20120330$lBLL01$h1429
=CAT  \\$aBATCH-CLA$b00$c20120531$lBLL01$h1713
=CAT  \\$aBATCH-UPD$b00$c20120614$lBLL01$h2131
=CAT  \\$aIPL-CLA$c20120629$lBLL01$h1027
=CAT  \\$aBATCH-CLA$b00$c20120831$lBLL01$h1538
=CAT  \\$aIPL-CLA$c20120930$lBLL01$h2110
=CAT  \\$aBATCH-CLA$b00$c20121109$lBLL01$h1741
=CAT  \\$aWR13.005$c20130323$lBLL01$h1317
=CAT  \\$aBATCH-CLA$b00$c20131129$lBLL01$h1639
=CAT  \\$aIPL-CLA$c20131231$lBLL01$h2300
=CAT  \\$aCDS15-UPD$b40$c20140630$lBLL01$h1054
=CAT  \\$aBATCH-CLA$b00$c20161130$lBLL01$h1626
=CAT  \\$aIPL-CLA$c20161230$lBLL01$h2055
=CAT  \\$aBATCH-CLA$b00$c20171130$lBLL01$h1700
=CAT  \\$aIPL-CLA$c20171231$lBLL01$h1609
=CAT  \\$aBATCH-CLA$b00$c20191129$lBLL01$h1621
=CAT  \\$aIPL-CLA$c20191231$lBLL01$h1911
=CAT  \\$aBATCH-CLA$b00$c20201126$lBLL01$h1414
=CAT  \\$aIPL-CLA$c20201231$lBLL01$h1527
=CAT  \\$aBATCH-CLA$b00$c20221130$lBLL01$h1453
=CAT  \\$aIPL-CLA$c20221231$lBLL01$h1443
=CAT  \\$aBATCH-CLA$b00$c20230209$lBLL01$h1540
=CAT  \\$aIPL-CLA$c20230209$lBLL01$h2335
=CFI  0\$aCurrent Copyright Fee: GBP25.00$c0$e09-feb-2023$fGBP25.00$g0$hC$5Uk
=CFI  2\$aBritish Library not licensed to copy$c0$e01-jan-2023$hC$iCFP Excluded$5Uk
=FIN  \\$aY
=FMT  \\$a  SE
=LAS  \\$aIPL-CLA$b00$c20230209$lBLL01$h2335
=LEO  \\$aMP22.0000001273
=LEO  \\$aMP1.0002357227
=LEO  \\$aMP10.0000342942
=LEO  \\$aMP22.0000018541
=LEO  \\$aMP25.0000191056
=SRC  \\$aISN01$bbibmp22.200404.2.aa
=SRC  \\$aBLS01$bbibmp1.200404.2.ac
=SRC  \\$aDSS01$bbibmp10.200404.2.aa
=SRC  \\$aSRI01$bbibmp25.200404.2.aa
=TCO  \\$aCLA$bCLA$c008
=TOC  \\$aETOC

