=LDR  05925cas a22013213u 4500
=001  012248874
=003  Uk
=005  20230511162813.0
=008  711203c19719999gw\qr\p\\b\\\\0\\\a0eng\\
=015  \\$aGB7128933$2bnb
=019  x\$a1591710146
=019  y\$aB7128933
=019  c\$a2085210
=019  9\$ab7128933
=022  0\$a0020-5877
=040  \\$aUk$cUk$dUk
=050  00$aZ3503
=082  04$a016.916$218
=210  0\$aInt. Afr. bibliogr.$b(Q.)
=222  \0$aInternational African bibliography$b(Quarterly)
=245  00$aInternational African bibliography.
=246  31$aBibliographie internationale africaine
=260  \\$aLondon (10 Fetter La., EC4A 1BJ) :$bInternational African Institute,$c1971-
=260  3\$31973-$aLondon :$bMansell
=260  3\$aMünchen :$bK.G. Saur
=300  \\$av. ;$c25 cm.
=310  \\$aQuarterly
=336  \\$atext$2rdacontent
=337  \\$aunmediated$2rdamedia
=338  \\$avolume$2rdacarrier
=362  0\$aVol. 1, no. 1 (Jan. 1971)-
=500  \\$aIssues for 1973- have English title only.
=540  \\$aCurrent Copyright Fee: GBP27.00$c56\0$5Uk
=550  \\$aIssued by the School of Oriental and African Studies, London University, 1973-
=580  \\$aContinues the bibliography published quarterly (1929-1970) in: Africa.
=595  \\$aFORMERLY IN 0732.09 UP TO VOL. 40, 1970 SEE ALSO SERIAL RECORDS HORN.
=651  \0$aAfrica$vBibliography$vPeriodicals.
=653  \\$aAfrica$aBibliographies$aPeriodicals
=710  2\$aInternational African Institute.
=710  2\$aUniversity of London.$bSchool of Oriental and African Studies.
=770  0\$tInternational African bibliography (Cumulation)$x0262-7973
=780  17$tAfrica$x0001-9720
=852  41$aBritish Library$bHMNTS$jP.1071/8$3UKRR-Excluded-Out of Scope
=852  41$aBritish Library$bDSC$j4535.645000$3UKRR-Excluded-Out of Scope
=852  41$aBritish Library$bHMNTS$jP.1071/8$3Vol. 1 (1971)-vol. 34, no. 4 (2004); vol. 38, no. 1 (2008)-v.44, no. 3/4(2014)***UKRR-Excluded-Out of Scope
=856  \\$31850-9999$uhttp://www.degruyter.com/$xBLDSS
=945  \\$aINTERNATIONAL AFRICAN BIBLIOGRAPHY.
=959  \\$fHeld but not currently received
=963  \\$aVOL. 1, 1971- *A=1 SEE ALSO RCS.PER.1277$bY$cP640.B.28
=985  \\$aResponsibility for ISSN transferred to ISSN German Centre from ISSN UK, 27.12.07
=ACF  \\$aPrevious Copyright Fee: GBP12.00$c0$e01-oct-2012$fGBP12.00$g0$hC$5Uk
=ACF  \\$aPrevious Copyright Fee: GBP12.00$c0$e01-apr-2012$fGBP12.00$g0$hC$5Uk
=ACF  \\$aPrevious Copyright Fee: GBP12.00$c0$e01-jan-2012$fGBP12.00$g0$hC$5Uk
=ACF  \\$aPrevious Copyright Fee: GBP10.50$c0$e01-oct-2011$fGBP10.50$g0$hC$5Uk
=ACF  \\$aPrevious Copyright Fee: GBP10.50$c0$e01-jul-2011$fGBP10.50$g0$hC$5Uk
=ACF  \\$aPrevious copyright fee: GBP27.00$c56\0$e28-jun-2011$fGBP27.00$g0$hP$5Uk
=ACF  \\$aPrevious Copyright Fee: GBP10.50$c0$e01-apr-2011$fGBP10.50$g0$hC$5Uk
=ACF  \\$aPrevious Copyright Fee: GBP10.50$c0$e01-jan-2011$fGBP10.50$g0$hC$5Uk
=ACF  \\$aPrevious Copyright Fee: GBP9.00$c0$e01-oct-2010$fGBP9.00$g0$hC$5Uk
=ACF  \\$aPrevious Copyright Fee: GBP9.00$c0$e01-jul-2010$fGBP9.00$g0$hC$5Uk
=ACF  \\$aPrevious Copyright Fee: GBP9.00$c0$e01-apr-2010$fGBP9.00$g0$hC$5Uk
=ACF  \\$aPrevious Copyright Fee: GBP9.00$c0$e01-Jan-2010$fGBP9.00$g0$hC$5Uk
=ACF  \\$aPrevious Copyright Fee: GBP6.00$c0$e01-oct-2009$fGBP6.00$g0$hC$5Uk
=ACF  \\$aPrevious Copyright Fee: GBP6.00$c0$e01-jul-2009$fGBP6.00$g0$hC$5Uk
=ACF  \\$aPrevious Copyright Fee: GBP6.00$c0$e01-apr-2009$fGBP6.00$g0$hC$5Uk
=ACF  \\$aPrevious Copyright Fee: GBP6.00$c0$e01-oct-2008$fGBP6.00$g0$hC$5Uk
=ACF  \\$aPrevious copyright fee: GBP5.00$c0$e01-jul-2002$fGBP5.00$g0$hC$5Uk
=ACF  \\$aCurrent copyright fee: GBP10.00$c0$e01-apr-1997$fGBP10.00$g0$hC$5Uk
=ACF  \\$aPrevious Copyright Fee: GBP12.00$c0$e01-jul-2012$fGBP12.00$g0$hC$5Uk
=CAT  \\$aWR09-126
=CAT  \\$aBATCH-CLA$b00$c20110228$lBLL01$h1541
=CAT  \\$aIPL-CLA$c20110331$lBLL01$h1459
=CAT  \\$aBATCH-CLA$b00$c20110531$lBLL01$h1633
=CAT  \\$a5552$b40$c20110628$lBLL01$h1335
=CAT  \\$aIPL-CLA$c20110630$lBLL01$h1539
=CAT  \\$aBATCH-CLA$b00$c20110831$lBLL01$h1751
=CAT  \\$aIPL-CLA$c20110930$lBLL01$h1542
=CAT  \\$aBATCH-CLA$b00$c20111130$lBLL01$h1200
=CAT  \\$aIPL-CLA$c20111230$lBLL01$h1957
=CAT  \\$aBATCH-CLA$b00$c20120229$lBLL01$h1613
=CAT  \\$aIPL-CLA$c20120330$lBLL01$h1429
=CAT  \\$aBATCH-CLA$b00$c20120531$lBLL01$h1709
=CAT  \\$aIPL-CLA$c20120629$lBLL01$h1028
=CAT  \\$aBATCH-CLA$b00$c20120831$lBLL01$h1529
=CAT  \\$aIPL-CLA$c20120930$lBLL01$h2110
=CAT  \\$aBATCH-CLA$b00$c20121109$lBLL01$h1740
=CAT  \\$aWR13.005$c20130323$lBLL01$h1349
=CAT  \\$aBATCH-CLA$b00$c20131129$lBLL01$h1634
=CAT  \\$aIPL-CLA$c20131231$lBLL01$h2303
=CAT  \\$a5552$b40$c20140306$lBLL01$h1335
=CAT  \\$aWR14_140$c20140905$lBLL01$h1758
=CAT  \\$aBLDSS-3PM$b00$c20150111$lBLL01$h1520
=CAT  \\$aBATCH-UPD$b00$c20160413$lBLL01$h1815
=CAT  \\$aBATCH-UPD$b00$c20160524$lBLL01$h2236
=CAT  \\$aBATCH-UPD$b00$c20160525$lBLL01$h0428
=CAT  \\$aBATCH-FIX$c20230511$lBLL01$h1628
=CFI  0\$aCurrent copyright fee: GBP27.00$c56\0$e06-mar-2014$fGBP27.00$g0$hP$5Uk
=CFI  2\$aPrevious Copyright Fee: GBP12.30$c0$e01-jan-2014$fGBP12.30$g0$hC$5Uk
=FFP  \\$aY$bBLDSS-3PM
=FIN  \\$aY
=FMT  \\$a  SE
=LAS  \\$aBATCH-FIX$b00$c20230511$lBLL01$h1628
=LEO  \\$aMP10.0000290716
=LEO  \\$aMP3.0000000401
=LEO  \\$aMP22.0000001015
=LEO  \\$aMP1.0001906579
=SRC  \\$aDSS01$bbibmp10.200404.2.aa
=SRC  \\$aBNB02$bbibmp3.200404.2.aa
=SRC  \\$aBLS01$bbibmp1.200404.2.ac
=SRC  \\$aISN01$bbibmp22.200404.2.aa
=TCO  \\$aDEU$bVG WORT$c008
=TOC  \\$aETOC
=UNO  \\$aY

