=LDR  04517cas a2201165 a 4500
=001  012248925
=003  Uk
=005  20211231154109.0
=007  ta
=008  771001c19729999ne\mr\p\\\\\\\0\\\a0eng\\
=015  \\$aGB7204963$2bnb
=019  y\$aB7204963
=019  9\$ab7204963
=019  c\$a2094068
=019  0\$as25835500x
=019  x\$a1684740053
=022  0\$a0047-2484
=030  \\$aJHEVA
=040  \\$aUk$cUk$dUk
=050  00$aQH368
=082  04$a573.205$218
=084  \\$aGH 00$2blsrissc
=210  0\$aJ. hum. evol.
=222  \0$aJournal of human evolution
=245  00$aJournal of human evolution.
=260  \\$aLondon :$bAcademic Press,$c1972-
=264  31$aAmsterdam :$bElsevier
=300  \\$bill. ;$c25 cm.
=310  \\$aMonthly
=321  \\$aBi-monthly
=336  \\$atext$2rdacontent
=337  \\$aunmediated$2rdamedia
=338  \\$avolume$2rdacarrier
=362  0\$aVol. 1, no. 1 (Jan. 1972)-
=540  \\$aCurrent copyright fee: GBP34.30$c5\1$5Uk
=588  \\$aLatest issue consulted: volume 72 (2014).
=650  \0$aHuman evolution$vPeriodicals.
=776  0\$tJournal of human evolution (Online)$x1095-8606
=852  41$aBritish Library$bDSC$j5003.415000$3Vol. 1 (1972)-v. 59, issue 6 (2010)***UKRR Retained Title
=852  41$aBritish Library$bHMNTS$jDZK.9.x.648$3Vol. 30, pt. 1 (Jan. 1996)-v. 80 (Mar. 2015)***Title now taken as electronic copy only
=852  71$aBritish Library$bSTI$k(P)$hGH 00$m-E(5)$2blsrissc$3Vol.1 (1972)-vol.29 (1995)
=856  \\$31850-9999$uhttp://www.elsevier.com/journals$xBLDSS
=945  \\$aJOURNAL OF HUMAN EVOLUTION.
=959  \\$fHeld but not currently received
=963  \\$aVOL. 1, 1972- *A=1$bY$cP380.B.76
=985  \\$aRecord merged by DQ team
=985  \\$aISSN responsibility held by ISSN United States Centre 16/11/07
=ACF  \\$aPrevious copyright fee: GBP19.00$c5\9$e01-jan-2008$fGBP19.00$g0$hP$5Uk
=ACF  \\$aPrevious copyright fee: GBP18.00$c5\9$e01-apr-2004$fGBP18.00$g0$hP$5Uk
=ACF  \\$aCurrent copyright fee: GBP20.00$c5\9$e01-jan-2003$fGBP20.00$g0$hP$5Uk
=ACF  \\$aCurrent copyright fee: GBP22.50$c0$e01-jul-2002$fGBP22.50$g0$hC$5Uk
=ACF  \\$aPrevious copyright fee: GBP20.00$c5\1$e01-jan-2009$fGBP20.00$g0$hP$5Uk
=ACF  \\$aPrevious copyright fee: GBP21.00$c5\1$e01-jan-2012$fGBP21.00$g0$hP$5Uk
=ACF  \\$aPrevious copyright fee: GBP22.50$c5\1$e01-jan-2013$fGBP22.50$g0$hP$5Uk
=ACF  \\$aPrevious copyright fee: GBP23.40$c5\1$e01-jan-2018$fGBP23.40$g0$hP$5Uk
=CAT  \\$aCONV$b00$c20040425$lBLL90$h0524
=CAT  \\$a6537$b40$c20091005$lBLL01$h1158
=CAT  \\$aCDS-UPD$b40$c20091208$lBLL01$h2213
=CAT  \\$aCDS-UPD$b40$c20091208$lBLL01$h2234
=CAT  \\$aWR11_155$c20111021$lBLL01$h1330
=CAT  \\$aWR11_155$c20111114$lBLL01$h1647
=CAT  \\$aBATCH-UPD$b00$c20111123$lBLL01$h1852
=CAT  \\$aIPL-CLA$c20111230$lBLL01$h1957
=CAT  \\$aBATCH-CLA$b00$c20121109$lBLL01$h1740
=CAT  \\$aBATCH-UPD$b00$c20121121$lBLL01$h1655
=CAT  \\$aIPL-CLA$c20121231$lBLL01$h1306
=CAT  \\$aIPL-CLA$c20130102$lBLL01$h1722
=CAT  \\$aWR13.005$c20130323$lBLL01$h1349
=CAT  \\$a8483$b40$c20140822$lBLL01$h1200
=CAT  \\$aWR14_140$c20140905$lBLL01$h1758
=CAT  \\$aBLDSS-3PM$b00$c20141222$lBLL01$h1712
=CAT  \\$a3072$b40$c20150617$lBLL01$h1450
=CAT  \\$a3072$b40$c20150617$lBLL01$h1451
=CAT  \\$a5552$b40$c20160322$lBLL01$h1209
=CAT  \\$aBATCH-UPD$b40$c20170304$lBLL01$h1116
=CAT  \\$aBATCH-UPD$b40$c20171121$lBLL01$h1741
=CAT  \\$aIPL-CLA$c20171231$lBLL01$h1610
=CAT  \\$aBATCH-UPD$b00$c20190521$lBLL01$h1433
=CAT  \\$aIPL-CLA$c20190630$lBLL01$h1531
=CAT  \\$aBATCH-UPD$b00$c20211119$lBLL01$h1551
=CAT  \\$aIPL-CLA$c20211231$lBLL01$h1541
=CFI  0\$aCurrent copyright fee: GBP34.30$c5\1$e01-jan-2022$fGBP34.30$g0$hP$5Uk
=CFI  2\$aPrevious copyright fee: GBP32.84$c5\1$e01-jul-2019$fGBP32.84$g0$hP$5Uk
=EST  \\$a2
=FFP  \\$aY$bBLDSS-3PM
=FIN  \\$aY
=FMT  \\$a  SE
=LAS  \\$aIPL-CLA$b00$c20211231$lBLL01$h1541
=LEO  \\$aMP1.0002017910
=LEO  \\$aMP3.0000000471
=LEO  \\$aMP10.0000322324
=LEO  \\$aMP22.0000002368
=LEO  \\$aMP25.0000103580
=SRC  \\$aBLS01$bbibmp1.200404.2.ac
=SRC  \\$aBNB02$bbibmp3.200404.2.aa
=SRC  \\$aDSS01$bbibmp10.200404.2.aa
=SRC  \\$aISN01$bbibmp22.200404.2.aa
=SRC  \\$aSRI01$bbibmp25.200404.2.aa
=TCO  \\$aCLA$bCLA$c008
=TOC  \\$aETOC

