=LDR  06171cas a2201357 a 4500
=001  012249022
=003  Uk
=005  20230210005940.0
=007  ta
=008  761103d1972197uenkqr\p\\\\\\\0\\\a0eng\\
=015  \\$aGB7212851$2bnb
=019  y\$aB7212851
=019  9\$ab7212851
=019  x\$a0672320134
=019  c\$a2053152
=022  0\$a0309-0388
=040  \\$aUk$cUk$dUk
=050  00$aDA10
=082  04$a910.09171242$218
=210  0\$aCommonw. diary coming events
=222  \0$aCommonwealth diary of coming events
=245  00$aCommonwealth diary of coming events.
=246  03$aCommonwealth diary
=260  \\$aLondon :$bCommonwealth Secretariat,$c1972-
=300  \\$av. ;$c21 cm.
=310  \\$aQuarterly
=336  \\$atext$2rdacontent
=337  \\$aunmediated$2rdamedia
=338  \\$avolume$2rdacarrier
=362  0\$aJanuary 1972-
=540  \\$aCurrent Copyright Fee: GBP25.00$c0$5Uk
=580  \\$aMerged with: Commonwealth record of recent events, to form: Commonwealth currents.
=595  \\$aCONTD AS 3339.647 APR. 1978-
=651  \0$aCommonwealth of Nations$vPeriodicals.
=653  \\$aCommonwealth$aPeriodicals
=710  2\$aCommonwealth Secretariat.
=785  17$tCommonwealth record of recent events$x0141-4755
=785  17$tCommonwealth currents$x0141-8513
=852  41$aBritish Library$bHMNTS$jB.S.12/79.$3Jan.1972-Jan.1978
=852  41$aBritish Library$bDSC$j3339.670000$3Apr. (1972)-Jan. (1978)***UKRR Retained Title***Stock incomplete
=945  \\$aCOMMONWEALTH DIARY.
=959  \\$fHeld but not currently received
=963  \\$a1972- 1978 *A=1 SEE ALSO RCS.PER.754$bY$cOP.3100.203.04
=985  \\$aResponsibility for ISSN transferred to the IC from UK Centre, 29.10.08
=985  \\$aRecord merged by DQ team
=ACF  \\$aPrevious Copyright Fee: GBP12.00$c0$e01-apr-2012$fGBP12.00$g0$hC$5Uk
=ACF  \\$aPrevious Copyright Fee: GBP12.00$c0$e01-jan-2012$fGBP12.00$g0$hC$5Uk
=ACF  \\$aPrevious Copyright Fee: GBP10.50$c0$e01-oct-2011$fGBP10.50$g0$hC$5Uk
=ACF  \\$aPrevious Copyright Fee: GBP10.50$c0$e01-jul-2011$fGBP10.50$g0$hC$5Uk
=ACF  \\$aPrevious Copyright Fee: GBP10.50$c0$e01-apr-2011$fGBP10.50$g0$hC$5Uk
=ACF  \\$aPrevious Copyright Fee: GBP10.50$c0$e01-jan-2011$fGBP10.50$g0$hC$5Uk
=ACF  \\$aPrevious Copyright Fee: GBP9.00$c0$e01-oct-2010$fGBP9.00$g0$hC$5Uk
=ACF  \\$aPrevious Copyright Fee: GBP9.00$c0$e01-jul-2010$fGBP9.00$g0$hC$5Uk
=ACF  \\$aPrevious Copyright Fee: GBP9.00$c0$e01-apr-2010$fGBP9.00$g0$hC$5Uk
=ACF  \\$aPrevious Copyright Fee: GBP9.00$c0$e01-Jan-2010$fGBP9.00$g0$hC$5Uk
=ACF  \\$aPrevious Copyright Fee: GBP6.00$c0$e01-oct-2009$fGBP6.00$g0$hC$5Uk
=ACF  \\$aPrevious Copyright Fee: GBP6.00$c0$e01-jul-2009$fGBP6.00$g0$hC$5Uk
=ACF  \\$aPrevious Copyright Fee: GBP6.00$c0$e01-apr-2009$fGBP6.00$g0$hC$5Uk
=ACF  \\$aPrevious Copyright Fee: GBP6.00$c0$e01-jan-2009$fGBP6.00$g0$hC$5Uk
=ACF  \\$aPrevious Copyright Fee: GBP6.00$c0$e01-oct-2008$fGBP6.00$g0$hC$5Uk
=ACF  \\$aPrevious Copyright Fee: GBP6.00$c0$e01-jul-2008$fGBP6.00$g0$hC$5Uk
=ACF  \\$aPrevious Copyright Fee: GBP6.00$c0$e01-apr-2008$fGBP6.00$g0$hC$5Uk
=ACF  \\$aPrevious Copyright Fee: GBP6.00$c0$e01-jan-2008$fGBP6.00$g0$hC$5Uk
=ACF  \\$aPrevious Copyright Fee: GBP5.00$c0$e01-oct-2007$fGBP5.00$g0$hC$5Uk
=ACF  \\$aPrevious copyright fee: GBP5.00$c0$e01-jul-2002$fGBP5.00$g0$hA$5Uk
=ACF  \\$aCurrent copyright fee: GBP4.40$c0$e01-jul-1998$fGBP4.40$g0$hA$5Uk
=ACF  \\$aCurrent copyright fee: GBP4.20$c0$e01-apr-1997$fGBP4.20$g0$hA$5Uk
=ACF  \\$aPrevious Copyright Fee: GBP12.00$c0$e01-jul-2012$fGBP12.00$g0$hC$5Uk
=ACF  \\$aPrevious Copyright Fee: GBP12.00$c0$e01-oct-2012$fGBP12.00$g0$hC$5Uk
=ACF  \\$aPrevious Copyright Fee: GBP12.30$c0$e01-jan-2014$fGBP12.30$g0$hC$5Uk
=ACF  \\$aPrevious Copyright Fee: GBP15.00$c0$e01-jan-2017$fGBP15.00$g0$hC$5Uk
=ACF  \\$aPrevious Copyright Fee: GBP17.50$c0$e01-jan-2018$fGBP17.50$g0$hC$5Uk
=ACF  \\$aPrevious Copyright Fee: GBP20.00$c0$e01-jan-2020$fGBP20.00$g0$hC$5Uk
=ACF  \\$aPrevious Copyright Fee: GBP22.50$c0$e01-jan-2021$fGBP22.50$g0$hC$5Uk
=CAT  \\$aCONV$b00$c20040425$lBLL90$h0524
=CAT  \\$aBATCH-CLA$b00$c20110831$lBLL01$h1758
=CAT  \\$aIPL-CLA$c20110930$lBLL01$h1542
=CAT  \\$aBATCH-CLA$b00$c20111130$lBLL01$h1212
=CAT  \\$aIPL-CLA$c20111230$lBLL01$h1957
=CAT  \\$aBATCH-CLA$b00$c20120229$lBLL01$h1616
=CAT  \\$aIPL-CLA$c20120330$lBLL01$h1429
=CAT  \\$aBATCH-CLA$b00$c20120531$lBLL01$h1709
=CAT  \\$aIPL-CLA$c20120629$lBLL01$h1028
=CAT  \\$aBATCH-CLA$b00$c20120831$lBLL01$h1530
=CAT  \\$aIPL-CLA$c20120930$lBLL01$h2110
=CAT  \\$aBATCH-CLA$b00$c20121109$lBLL01$h1740
=CAT  \\$aWR13.005$c20130323$lBLL01$h1349
=CAT  \\$aBATCH-CLA$b00$c20131129$lBLL01$h1639
=CAT  \\$aIPL-CLA$c20131231$lBLL01$h2303
=CAT  \\$aWR14_140$c20140905$lBLL01$h1758
=CAT  \\$aBATCH-CLA$b00$c20161130$lBLL01$h1640
=CAT  \\$aIPL-CLA$c20161230$lBLL01$h2057
=CAT  \\$aBATCH-CLA$b00$c20171130$lBLL01$h1702
=CAT  \\$aIPL-CLA$c20171231$lBLL01$h1610
=CAT  \\$aBATCH-CLA$b00$c20191129$lBLL01$h1621
=CAT  \\$aIPL-CLA$c20191231$lBLL01$h1912
=CAT  \\$aBATCH-CLA$b00$c20201126$lBLL01$h1415
=CAT  \\$aIPL-CLA$c20201231$lBLL01$h2134
=CAT  \\$aBATCH-CLA$b00$c20221130$lBLL01$h1452
=CAT  \\$aIPL-CLA$c20221231$lBLL01$h2038
=CAT  \\$aBATCH-CLA$b00$c20230209$lBLL01$h1539
=CAT  \\$aIPL-CLA$c20230210$lBLL01$h0059
=CFI  0\$aCurrent Copyright Fee: GBP25.00$c0$e09-feb-2023$fGBP25.00$g0$hC$5Uk
=CFI  2\$aBritish Library not licensed to copy$c0$e01-jan-2023$hC$iCFP Excluded$5Uk
=FIN  \\$aY
=FMT  \\$a  SE
=LAS  \\$aIPL-CLA$b00$c20230210$lBLL01$h0059
=LEO  \\$aMP3.0000000600
=LEO  \\$aMP22.0000021646
=LEO  \\$aMP1.0000800505
=LEO  \\$aMP10.0000156787
=SRC  \\$aDSS01$bbibmp10.200404.2.aa
=SRC  \\$aBLS01$bbibmp1.200404.2.aa
=SRC  \\$aBNB02$bbibmp3.200404.2.aa
=SRC  \\$aISN01$bbibmp22.200404.2.aa
=TCO  \\$aCLA$bCLA$c008

