=LDR  06657cas a2201453 a 4500
=001  012298167
=003  Uk
=005  20230210005946.0
=006  aac\\|||||||||||||
=007  ta
=008  810616d19811986enktr\p\\\\\\\0\\\a0eng\\
=015  \\$aGB8428603$2bnb
=019  c\$a2051543
=019  y\$ab8428603
=019  9\$ab8428603
=019  0\$as526927003
=022  0\$a0260-4639
=039  0\$a1802
=040  \\$aUk$cUk$dUk
=042  \\$aukblsr
=050  00$aQR180
=050  00$aRC583
=082  04$a616.07/9/05$219
=082  04$a616.97/005$219
=084  \\$aGU 28$2blsrissc
=210  0\$aClin. immunol. allergy
=222  \0$aClinics in immunology and allergy
=245  00$aClinics in immunology and allergy.
=260  \\$aLondon :$bSaunders,$c1981-1986.
=300  \\$a6 v. :$bill., ports. ;$c24 cm.
=310  \\$aThree issues yearly
=336  \\$atext$2rdacontent
=337  \\$aunmediated$2rdamedia
=338  \\$avolume$2rdacarrier
=362  0\$aVol. 1, no. 1 (Feb. 1981)-v. 6, no. 3 (Oct. 1986)
=500  \\$aDescription based on: Vol. 1, no. 2 (June 1981)
=540  \\$aCurrent Copyright Fee: GBP34.00$c0$5Uk
=580  \\$aSplit into: Immunology and allergy clinics of North America; and: Baillière's clinical immunology and allergy.
=595  \\$aCONTD AS 1856.724 VOL. 1, 1987- ALSO CONTD AS 4369.67755N.
=650  \0$aImmunology$vPeriodicals.
=650  \0$aAllergy$vPeriodicals.
=653  \\$aMedicine$aImmunology$aSerials
=653  \\$aMan$aAllergies$aSerials
=785  16$tImmunology and allergy clinics of North America$x0889-8561
=785  16$tBaillière's clinical immunology and allergy$x0950-3544
=852  41$aBritish Library$bDSC$j3286.574000$3Vol. 1, no. 1 (1981)-v. 6, no. 3 (1986)***UKRR Retained Title
=852  71$aBritish Library$bSTI$k(P)$hGU 28$m-E(19)$2blsrissc$31981-1986; Vol.1, no.2-3 ; vol.4-6***Accession number 526927003
=886  2\$2blmarc$a029$b00$aS547807007
=945  \\$aCLINICS IN IMMUNOLOGY AND ALLERGY.
=959  \\$fHeld but not currently received
=963  \\$aVOL. 1, 1981- 6, 1986 *A=1$bN$cP309.C.121
=985  \\$aISSN responsibility lies with US Centre.
=ACF  \\$aPrevious Copyright Fee: GBP21.00$c0$e01-apr-2012$fGBP21.00$g0$hC$5Uk
=ACF  \\$aPrevious Copyright Fee: GBP21.00$c0$e01-jan-2012$fGBP21.00$g0$hC$5Uk
=ACF  \\$aPrevious Copyright Fee: GBP20.00$c0$e01-oct-2011$fGBP20.00$g0$hC$5Uk
=ACF  \\$aPrevious Copyright Fee: GBP20.00$c0$e01-jul-2011$fGBP20.00$g0$hC$5Uk
=ACF  \\$aPrevious Copyright Fee: GBP20.00$c0$e01-apr-2011$fGBP20.00$g0$hC$5Uk
=ACF  \\$aPrevious Copyright Fee: GBP20.00$c0$e01-jan-2011$fGBP20.00$g0$hC$5Uk
=ACF  \\$aPrevious Copyright Fee: GBP20.00$c0$e01-oct-2010$fGBP20.00$g0$hC$5Uk
=ACF  \\$aPrevious Copyright Fee: GBP20.00$c0$e01-jul-2010$fGBP20.00$g0$hC$5Uk
=ACF  \\$aPrevious Copyright Fee: GBP20.00$c0$e01-apr-2010$fGBP20.00$g0$hC$5Uk
=ACF  \\$aPrevious Copyright Fee: GBP20.00$c0$e01-Jan-2010$fGBP20.00$g0$hC$5Uk
=ACF  \\$aPrevious Copyright Fee: GBP20.00$c0$e01-oct-2009$fGBP20.00$g0$hC$5Uk
=ACF  \\$aPrevious Copyright Fee: GBP20.00$c0$e01-jul-2009$fGBP20.00$g0$hC$5Uk
=ACF  \\$aPrevious Copyright Fee: GBP20.00$c0$e01-apr-2009$fGBP20.00$g0$hC$5Uk
=ACF  \\$aPrevious Copyright Fee: GBP20.00$c0$e01-jan-2009$fGBP20.00$g0$hC$5Uk
=ACF  \\$aPrevious Copyright Fee: GBP19.00$c0$e01-oct-2008$fGBP19.00$g0$hC$5Uk
=ACF  \\$aPrevious Copyright Fee: GBP19.00$c0$e01-jul-2008$fGBP19.00$g0$hC$5Uk
=ACF  \\$aPrevious Copyright Fee: GBP19.00$c0$e01-apr-2008$fGBP19.00$g0$hC$5Uk
=ACF  \\$aPrevious Copyright Fee: GBP19.00$c0$e01-jan-2008$fGBP19.00$g0$hC$5Uk
=ACF  \\$aPrevious Copyright Fee: GBP18.00$c0$e01-oct-2007$fGBP18.00$g0$hC$5Uk
=ACF  \\$aPrevious Copyright Fee: GBP18.00$c0$e01-jan-2005$fGBP18.00$g0$hC$5Uk
=ACF  \\$aPrevious Copyright Fee: GBP20.00$c0$e01-oct-2004$fGBP20.00$g0$hC$5Uk
=ACF  \\$aPrevious copyright fee: GBP20.00$c0$e01-apr-2004$fGBP20.00$g0$hC$5Uk
=ACF  \\$aCurrent copyright fee: GBP21.88$c0$e01-jan-2003$fGBP21.88$g0$hC$5Uk
=ACF  \\$aCurrent copyright fee: GBP22.58$c0$e01-oct-2002$fGBP22.58$g0$hC$5Uk
=ACF  \\$aPrevious Copyright Fee: GBP21.00$c0$e01-jul-2012$fGBP21.00$g0$hC$5Uk
=ACF  \\$aPrevious Copyright Fee: GBP21.00$c0$e01-oct-2012$fGBP21.00$g0$hC$5Uk
=ACF  \\$aPrevious Copyright Fee: GBP22.50$c0$e01-jan-2016$fGBP22.50$g0$hC$5Uk
=ACF  \\$aPrevious Copyright Fee: GBP23.40$c0$e01-jan-2018$fGBP23.40$g0$hC$5Uk
=ACF  \\$aPrevious Copyright Fee: GBP34.00$c0$e01-apr-2021$fGBP34.00$g0$hC$5Uk
=CAT  \\$aWR09-126
=CAT  \\$aBATCH-CLA$b00$c20110228$lBLL01$h1533
=CAT  \\$aIPL-CLA$c20110331$lBLL01$h1459
=CAT  \\$aBATCH-CLA$b00$c20110531$lBLL01$h1634
=CAT  \\$aIPL-CLA$c20110630$lBLL01$h1539
=CAT  \\$aBATCH-CLA$b00$c20110831$lBLL01$h1745
=CAT  \\$aIPL-CLA$c20110930$lBLL01$h1543
=CAT  \\$aBATCH-CLA$b00$c20111130$lBLL01$h1158
=CAT  \\$aIPL-CLA$c20111230$lBLL01$h1957
=CAT  \\$aBATCH-CLA$b00$c20120229$lBLL01$h1610
=CAT  \\$aIPL-CLA$c20120330$lBLL01$h1430
=CAT  \\$aBATCH-CLA$b00$c20120531$lBLL01$h1703
=CAT  \\$aIPL-CLA$c20120629$lBLL01$h1028
=CAT  \\$aBATCH-CLA$b00$c20120831$lBLL01$h1526
=CAT  \\$aIPL-CLA$c20120930$lBLL01$h2110
=CAT  \\$aBATCH-CLA$b00$c20121109$lBLL01$h1740
=CAT  \\$aWR13.005$c20130323$lBLL01$h1406
=CAT  \\$aWR14_140$c20140905$lBLL01$h1758
=CAT  \\$aBATCH-CLA$b00$c20151127$lBLL01$h1629
=CAT  \\$aIPL-CLA$c20151231$lBLL01$h1918
=CAT  \\$aBATCH-CLA$b00$c20171130$lBLL01$h1646
=CAT  \\$aIPL-CLA$c20171231$lBLL01$h1611
=CAT  \\$aBATCH-CLA$b00$c20210227$lBLL01$h1014
=CAT  \\$aIPL-CLA$c20210331$lBLL01$h1840
=CAT  \\$aBATCH-CLA$b00$c20221130$lBLL01$h1449
=CAT  \\$aIPL-CLA$c20221231$lBLL01$h2039
=CAT  \\$aBATCH-CLA$b00$c20230209$lBLL01$h1536
=CAT  \\$aIPL-CLA$c20230210$lBLL01$h0059
=CFI  0\$aCurrent Copyright Fee: GBP34.00$c0$e09-feb-2023$fGBP34.00$g0$hC$5Uk
=CFI  2\$aBritish Library not licensed to copy$c0$e01-jan-2023$hC$iCFP Excluded$5Uk
=FIN  \\$aY
=FMT  \\$a  SE
=LAS  \\$aIPL-CLA$b00$c20230210$lBLL01$h0059
=LEO  \\$aMP10.0000150741
=LEO  \\$aMP5.0000748643
=LEO  \\$aMP22.0000008467
=LEO  \\$aMP25.0000218170
=SRC  \\$aDSS01$bbibmp10.200404.2.aa
=SRC  \\$aBNB03$bbibmp5.200404.2.ab
=SRC  \\$aISN01$bbibmp22.200404.2.aa
=SRC  \\$aSRI01$bbibmp25.200404.2.aa
=SSD  \\$a50300{dollar}aReplaced by "Baillière's clinical immunology and allergy", q.v
=TCO  \\$aCLA$bCLA$c008

