=LDR  04766cas a2201153 a 4500
=001  012298213
=003  Uk
=005  20211231154111.0
=007  ta
=008  950710c19849999ne\mr\\\\\ir\\0\\\a0eng\\
=015  \\$aGB8429610$2bnb
=019  y\$ab8429610
=019  9\$ab8429610
=019  c\$a2265915
=019  0\$as526776005
=022  \\$a0741-1677
=039  0\$a1803
=040  \\$aUk$cUk$dUk
=050  00$aZ7994.A5
=082  04$a016.591188$219
=084  \\$aFC 30$2blsrissc
=210  0\$aCurr. adv. neurosci.
=222  \0$aCurrent advances in neuroscience
=245  00$aCurrent advances in neuroscience.
=246  3\$aCurrent awareness in biological sciences
=260  \\$aOxford :$bPergamon,$c1984-
=264  31$aAmsterdam, the Netherlands :$bElsevier B.V.
=300  \\$av. ;$c30 cm.
=310  \\$aMonthly
=336  \\$atext$2rdacontent
=337  \\$aunmediated$2rdamedia
=338  \\$avolume$2rdacarrier
=362  0\$aVol. 1 no. 1 (Jan. 1984)-
=500  \\$aProduced from the CABS database.
=540  \\$aCurrent copyright fee: GBP34.30$c5\1$5Uk
=588  \\$aLatest issue consulted: volume 31, number 10 (October 2014).
=595  \\$aFormerly 3494.315 up to Vol. 101, no. 9 (1984). See also SERIAL RECORDS KCS SE.
=650  \0$aNeurology$xPeriodicals$vIndexes$vPeriodicals.
=776  08$iAlso issued on diskette as:$tCurrent advances in neuroscience$c(Diskette)$x1359-5342
=780  01$tCurrent awareness in biological sciences$x0733-4443
=852  41$aBritish Library$bDSC$j3494.064340$3Vol. 1, no. 10 (1984)-v. 33, no. 12 (2016)***UKRR Retained Title***Stock Incomplete
=852  71$aBritish Library$bSTI$k(A)$hFC 30$m-E(1)$2blsrissc$3Vol. 1 (1984)-v. 25, no. 10 (Oct. 2008)
=856  \\$31850-9999$uhttp://www.elsevier.com/journals$xBLDSS
=945  \\$aCURRENT ADVANCES IN NEUROSCIENCE
=959  \\$fHeld but not currently received
=963  \\$aVOL. 1, 1984- *A=1$bN$cP326.B.201
=985  \\$aISSN responsibility currently held by ISSN Netherlands (19/9/07)
=A02  \\$a2265915
=ACF  \\$aPrevious copyright fee: GBP19.00$c5\1$e01-jan-2008$fGBP19.00$g0$hP$5Uk
=ACF  \\$aPrevious copyright fee: GBP18.00$c5\1$e01-apr-2004$fGBP18.00$g0$hP$5Uk
=ACF  \\$aCurrent copyright fee: GBP20.00$c5\1$e01-jan-2003$fGBP20.00$g0$hP$5Uk
=ACF  \\$aCurrent copyright fee: GBP15.00$c5\1$e01-jul-2002$fGBP15.00$g0$hP$5Uk
=ACF  \\$aPrevious copyright fee: GBP20.00$c5\1$e01-jan-2009$fGBP20.00$g0$hP$5Uk
=ACF  \\$aPrevious copyright fee: GBP21.00$c5\1$e01-jan-2012$fGBP21.00$g0$hP$5Uk
=ACF  \\$aPrevious copyright fee: GBP22.50$c5\1$e01-jan-2013$fGBP22.50$g0$hP$5Uk
=ACF  \\$aPrevious copyright fee: GBP23.40$c5\1$e01-jan-2018$fGBP23.40$g0$hP$5Uk
=CAT  \\$aCONV$b00$c20040425$lBLL90$h0553
=CAT  \\$aBATCH$b00$c20091214$lBLL01$h0834
=CAT  \\$aBATCH$b00$c20091216$lBLL01$h0210
=CAT  \\$a5552$b40$c20101111$lBLL01$h1151
=CAT  \\$aBATCH-UPD$b40$c20111123$lBLL01$h1852
=CAT  \\$aIPL-CLA$c20111230$lBLL01$h1957
=CAT  \\$aBATCH-CLA$b00$c20121109$lBLL01$h1740
=CAT  \\$aBATCH-UPD$b00$c20121121$lBLL01$h1655
=CAT  \\$aIPL-CLA$c20121231$lBLL01$h1306
=CAT  \\$aIPL-CLA$c20130102$lBLL01$h1722
=CAT  \\$aWR13.005$c20130323$lBLL01$h1406
=CAT  \\$aWR14_140$c20140905$lBLL01$h1758
=CAT  \\$aBLDSS-3PM$b00$c20141222$lBLL01$h1712
=CAT  \\$a8323$b40$c20150126$lBLL01$h1557
=CAT  \\$a8323$b40$c20150126$lBLL01$h1559
=CAT  \\$a8323$b40$c20150126$lBLL01$h1604
=CAT  \\$a8323$b40$c20150126$lBLL01$h1612
=CAT  \\$aBATCH-UPD$b40$c20160413$lBLL01$h1815
=CAT  \\$aBATCH-UPD$b40$c20160708$lBLL01$h1515
=CAT  \\$aBATCH-UPD$b40$c20171121$lBLL01$h1742
=CAT  \\$aIPL-CLA$c20171231$lBLL01$h1611
=CAT  \\$a8055$b40$c20180713$lBLL01$h1223
=CAT  \\$aBATCH-UPD$b40$c20190521$lBLL01$h1433
=CAT  \\$aIPL-CLA$c20190630$lBLL01$h1531
=CAT  \\$aBATCH-UPD$b00$c20211119$lBLL01$h1552
=CAT  \\$aIPL-CLA$c20211231$lBLL01$h1541
=CFI  0\$aCurrent copyright fee: GBP34.30$c5\1$e01-jan-2022$fGBP34.30$g0$hP$5Uk
=CFI  2\$aPrevious copyright fee: GBP32.84$c5\1$e01-jul-2019$fGBP32.84$g0$hP$5Uk
=FFP  \\$aY$bBLDSS-3PM
=FIN  \\$aY
=FMT  \\$a  SE
=LAS  \\$aIPL-CLA$b00$c20211231$lBLL01$h1541
=LEO  \\$aMP5.0000748843
=LEO  \\$aMP10.0000176065
=LEO  \\$aMP22.0000023949
=LEO  \\$aMP25.0000218021
=LKR  \\$aPAR$b012297262$lBLL01$r78001$mCurrent advances in neuroscience$nCurrent awareness in biological sciences
=SRC  \\$aBNB03$bbibmp5.200404.2.ab
=SRC  \\$aDSS01$bbibmp10.200404.2.aa
=SRC  \\$aISN01$bbibmp22.200404.2.aa
=SRC  \\$aSRI01$bbibmp25.200404.2.aa
=TCO  \\$aCLA$bCLA$c008
=TOC  \\$aETOC

