=LDR  07444aas a2201573 a 4500
=001  012298783
=003  Uk
=005  20190522141652.0
=006  aa\\\|||||||||||||
=007  ta
=008  840912c19849999enkmr\p\\\\\\\0\\\a0eng\\
=015  \\$aGB8503220$2bnb
=019  y\$ab8503220
=019  9\$ab8503220
=019  c\$a2245882
=019  0\$as525682007
=022  0\$a0265-0215
=039  0\$a1820
=040  \\$aUk$cUk
=050  00$aRD78.3
=082  04$a617.9605$223
=084  \\$aGY 30$2blsrissc
=210  0\$aEur. j. anaesthesiol.$b(Print)
=222  \0$aEuropean journal of anaesthesiology$b(Print)
=245  00$aEuropean journal of anaesthesiology.
=260  \\$aOxford :$bPublished on behalf of the European Academy of Anaesthesiology by Blackwell Scientific,$c1984-
=260  2\$aCambridge :$bCambridge University Press
=264  21$aLondon :$bLippincott Williams & Wilkins
=264  31$aLondon :$bWolters Kluwer Health, Inc.
=300  \\$av. :$bill. ;$c24 cm.
=310  \\$aMonthly
=321  \\$aQuarterly
=336  \\$atext$2rdacontent
=337  \\$aunmediated$2rdamedia
=338  \\$avolume$2rdacarrier
=362  0\$aVol. 1, no. 1 (Mar. 1984)-
=500  \\$aPublished for European Academy of Anaesthesiology.
=540  \\$aCurrent copyright fee: GBP32.00$c20\0$5Uk
=550  \\$aOfficial publication of the European Society of Anaesthesiology.
=588  \\$aLatest issue consulted: volume 36, number 6 (June 2019).
=650  \0$aAnesthesiology$vPeriodicals.
=653  \\$aMedicine$aAnaesthesiology$aSerials
=710  2\$aEuropean Society of Anaesthesiology.
=710  2\$aEuropean Academy of Anaesthesiology.
=770  0\$tEuropean journal of anaesthesiology. Supplement$x0952-1941
=776  0\$tEuropean journal of anaesthesiology (Online)$x1365-2346
=852  41$aBritish Library$bDSC$j3829.722200$3Vol. 1, no. 1 (1984)-v. 28, no. 12 (2011)***UKRR Retained Title
=852  71$aBritish Library$bSTI$k(P)$hGY 30$m-E(28)$2blsrissc$3Vol. 1 (1984)-v. 32, no. 5 (May 2015)***Title now taken as electronic copy only
=856  \\$31850-9999$uhttp://journals.lww.com$xBLDSS
=945  \\$aEUROPEAN JOURNAL OF ANAESTHESIOLOGY.
=959  \\$fHeld but not currently received
=963  \\$aCA/M-7 VOL. 1, 1984- *A=1$bN
=985  \\$aISSN responsibility taken by US ISSN Center, May 22 2014.
=A02  \\$a2245882
=ACF  \\$aPrevious copyright fee: GBP21.65$c20\0$e01-jul-2011$fGBP21.65$g0$hP$5Uk
=ACF  \\$aPrevious copyright fee: GBP19.35$c20\0$e21-jan-2011$fGBP19.35$g0$hP$5Uk
=ACF  \\$aCurrent Copyright Fee: GBP17.50$c0$e01-jan-2011$fGBP17.50$g0$hC$5Uk
=ACF  \\$aPrevious Copyright Fee: GBP17.50$c0$e01-oct-2010$fGBP17.50$g0$hC$5Uk
=ACF  \\$aPrevious Copyright Fee: GBP17.50$c0$e01-jul-2010$fGBP17.50$g0$hC$5Uk
=ACF  \\$aPrevious Copyright Fee: GBP17.50$c0$e01-apr-2010$fGBP17.50$g0$hC$5Uk
=ACF  \\$aPrevious Copyright Fee: GBP17.50$c0$e01-Jan-2010$fGBP17.50$g0$hC$5Uk
=ACF  \\$aPrevious Copyright Fee: GBP17.50$c0$e01-oct-2009$fGBP17.50$g0$hC$5Uk
=ACF  \\$aPrevious Copyright Fee: GBP17.50$c0$e01-jul-2009$fGBP17.50$g0$hC$5Uk
=ACF  \\$aPrevious Copyright Fee: GBP17.50$c0$e01-apr-2009$fGBP17.50$g0$hC$5Uk
=ACF  \\$aPrevious copyright fee: GBP15.00$c0$e01-jul-2008$fGBP15.00$g0$hC$5Uk
=ACF  \\$aPrevious Copyright Fee: GBP15.00$c0$e01-apr-2008$fGBP15.00$g0$hC$5Uk
=ACF  \\$aPrevious Copyright Fee: GBP15.00$c0$e01-jan-2008$fGBP15.00$g0$hC$5Uk
=ACF  \\$aPrevious Copyright Fee: GBP15.00$c0$e01-oct-2007$fGBP15.00$g0$hC$5Uk
=ACF  \\$aPrevious Copyright Fee: GBP15.00$c0$e01-jul-2007$fGBP15.00$g0$hC$5Uk
=ACF  \\$aPrevious Copyright Fee: GBP15.00$c0$e01-apr-2007$fGBP15.00$g0$hC$5Uk
=ACF  \\$aPrevious Copyright Fee: GBP14.00$c0$e01-jan-2007$fGBP14.00$g0$hC$5Uk
=ACF  \\$aPrevious Copyright Fee: GBP14.00$c0$e01-oct-2006$fGBP14.00$g0$hC$5Uk
=ACF  \\$aPrevious Copyright Fee: GBP14.00$c0$e01-jul-2006$fGBP14.00$g0$hC$5Uk
=ACF  \\$aPrevious Copyright Fee: GBP5.00$c0$e01-apr-2006$fGBP5.00$g0$hC$5Uk
=ACF  \\$aPrevious Copyright Fee: GBP5.00$c0$e01-jan-2006$fGBP5.00$g0$hC$5Uk
=ACF  \\$aPrevious Copyright Fee: GBP5.00$c0$e01-oct-2005$fGBP5.00$g0$hC$5Uk
=ACF  \\$aPrevious Copyright Fee: GBP5.00$c0$e01-jul-2005$fGBP5.00$g0$hC$5Uk
=ACF  \\$aPrevious Copyright Fee: GBP5.00$c0$e01-apr-2005$fGBP5.00$g0$hC$5Uk
=ACF  \\$aPrevious Copyright Fee: GBP5.00$c0$e01-jan-2005$fGBP5.00$g0$hC$5Uk
=ACF  \\$aPrevious Copyright Fee: GBP5.00$c0$e01-oct-2004$fGBP5.00$g0$hC$5Uk
=ACF  \\$aPrevious copyright fee: GBP5.00$c0$e11-sep-2003$fGBP5.00$g0$hA$5Uk
=ACF  \\$aCurrent copyright fee: GBP13.00$c10\0$e01-apr-2003$fGBP13.00$g0$hP$5Uk
=ACF  \\$aCurrent copyright fee: GBP13.00$c10\4$e01-jan-2002$fGBP13.00$g0$hP$5Uk
=ACF  \\$aPrevious copyright fee: GBP30.32$c20\0$e07-may-2012$fGBP30.32$g0$hP$5Uk
=ACF  \\$aPrevious copyright fee: GBP28.48$c20\0$e01-jul-2012$fGBP28.48$g0$hP$5Uk
=ACF  \\$aPrevious copyright fee: GBP29.38$c20\0$e01-jan-2013$fGBP29.38$g0$hP$5Uk
=ACF  \\$aPrevious copyright fee: GBP30.32$c20\0$e01-jul-2013$fGBP30.32$g0$hP$5Uk
=ACF  \\$aPrevious copyright fee: GBP29.38$c20\0$e01-jan-2014$fGBP29.38$g0$hP$5Uk
=ACF  \\$aPrevious copyright fee: GBP28.48$c20\0$e01-jul-2014$fGBP28.48$g0$hP$5Uk
=ACF  \\$aPrevious copyright fee: GBP30.32$c20\0$e01-apr-2015$fGBP30.32$g0$hP$5Uk
=ACF  \\$aPrevious copyright fee: GBP31.33$c20\0$e01-jul-2015$fGBP31.33$g0$hP$5Uk
=CAT  \\$aWR09-126
=CAT  \\$aIPL-CLA$c20130701$lBLL01$h0037
=CAT  \\$aBATCH-UPD$b00$c20131119$lBLL01$h2007
=CAT  \\$aIPL-CLA$c20131231$lBLL01$h2303
=CAT  \\$a10806$b40$c20140515$lBLL01$h1036
=CAT  \\$a10806$b40$c20140515$lBLL01$h1037
=CAT  \\$a10806$b40$c20140515$lBLL01$h1045
=CAT  \\$a10806$b40$c20140515$lBLL01$h1055
=CAT  \\$a11313$b40$c20140522$lBLL01$h1307
=CAT  \\$aBATCH-UPD$b40$c20140527$lBLL01$h2034
=CAT  \\$aBATCH-CLA$c20140528$lBLL01$h1734
=CAT  \\$aIPL-CLA$c20140630$lBLL01$h1716
=CAT  \\$aWR14_140$c20140905$lBLL01$h1758
=CAT  \\$aBLDSS-3PM$b00$c20141116$lBLL01$h1731
=CAT  \\$a8874$b40$c20141124$lBLL01$h1328
=CAT  \\$aBATCH-UPD$b40$c20150219$lBLL01$h1727
=CAT  \\$aIPL-CLA$c20150331$lBLL01$h1632
=CAT  \\$aBATCH-UPD$b00$c20150520$lBLL01$h1738
=CAT  \\$aIPL-CLA$c20150630$lBLL01$h1642
=CAT  \\$aBATCH-UPD$b00$c20150820$lBLL01$h1823
=CAT  \\$aIPL-CLA$c20150930$lBLL01$h1759
=CAT  \\$aBATCH-UPD$b00$c20160217$lBLL01$h1711
=CAT  \\$aIPL-CLA$c20160331$lBLL01$h1719
=CAT  \\$aBATCH-UPD$b00$c20160524$lBLL01$h2155
=CAT  \\$aBATCH-UPD$b00$c20160524$lBLL01$h2242
=CAT  \\$a11315$b40$c20190522$lBLL01$h1416
=CFI  0\$aCurrent copyright fee: GBP32.00$c20\0$e01-apr-2016$fGBP32.00$g0$hP$5Uk
=CFI  2\$aPrevious copyright fee: GBP30.32$c20\0$e01-oct-2015$fGBP30.32$g0$hP$5Uk
=FFP  \\$aY$bBLDSS-3PM
=FIN  \\$aY
=FMT  \\$a  SE
=LAS  \\$a11315$b40$c20190522$lBLL01$h1416
=LEO  \\$aMP5.0000751627
=LEO  \\$aMP10.0000219098
=LEO  \\$aMP22.0000012814
=LEO  \\$aMP25.0000216756
=SRC  \\$aBNB03$bbibmp5.200404.2.ab
=SRC  \\$aDSS01$bbibmp10.200404.2.aa
=SRC  \\$aISN01$bbibmp22.200404.2.aa
=SRC  \\$aSRI01$bbibmp25.200404.2.aa
=TCO  \\$aCLA$bCLA$c008
=TOC  \\$aETOC
=UNO  \\$aY

