=LDR  06021cas a2201369 a 4500
=001  012308902
=003  Uk
=005  20230210005954.0
=006  aabc\|||||||||||||
=007  ta
=008  980112c19979999rm\br\p\\\\\\\0\\\a0eng\\
=015  \\$aGB9814672$2bnb
=019  y\$ab9814672
=019  9\$ab9814672
=019  c\$a2560766
=019  0\$as636350002
=022  0\$a1461-3050
=039  0\$a2480
=040  \\$aUk$beng$cUk$dUk
=041  0\$aeng$bchi
=042  \\$aukblsr
=082  04$a664.752$221
=084  \\$aHT 75$2blsrissc
=210  0\$aAsia Pac. bak.
=222  \0$aAsia-Pacific baker
=245  00$aAsia-Pacific baker.
=260  \\$aSevenoaks :$bCrier,$c1997-
=264  31$aBucharest :$bTrade Media Solutions SRL
=300  \\$av. :$bill. (some col.), col. ports., maps ;$c30 cm.
=310  \\$aSix issues yearly
=336  \\$atext$2rdacontent
=337  \\$aunmediated$2rdamedia
=338  \\$avolume$2rdacarrier
=362  0\$aVol. 1, issue 1 (July/Aug. 1997)-
=540  \\$aCurrent Copyright Fee: GBP25.00$c0$5Uk
=546  \\$aMostly in English; some pages in Chinese.
=588  \\$aLatest issue consulted: volume 18, issue 4 (winter 2014).
=595  \\$aSEE ALSO CARD INDEX.
=597  \\$aEnhanced$bSRIS DDC
=650  \0$aBaked products industry$zAsia$vPeriodicals.
=852  71$aBritish Library$bSTI$k(P)$hHT 75$m-E(23)$2blsrissc$3Vol.1(1997)-v.18(2014)
=945  \\$aASIA PACIFIC BAKER.
=957  \\$a971202c
=979  \\$aBritish Library$bDSC$j1742.256900N$xNot selected
=985  \\$aISSN note: responsibility for ISSN transferred from ISSN UK Centre to Romanian ISSN Centre, February 6, 2015.
=A02  \\$a2560766
=ACF  \\$aPrevious Copyright Fee: GBP12.00$c0$e01-apr-2012$fGBP12.00$g0$hC$5Uk
=ACF  \\$aPrevious Copyright Fee: GBP12.00$c0$e01-jan-2012$fGBP12.00$g0$hC$5Uk
=ACF  \\$aPrevious Copyright Fee: GBP10.50$c0$e01-oct-2011$fGBP10.50$g0$hC$5Uk
=ACF  \\$aPrevious Copyright Fee: GBP10.50$c0$e01-jul-2011$fGBP10.50$g0$hC$5Uk
=ACF  \\$aPrevious Copyright Fee: GBP10.50$c0$e01-apr-2011$fGBP10.50$g0$hC$5Uk
=ACF  \\$aPrevious Copyright Fee: GBP10.50$c0$e01-jan-2011$fGBP10.50$g0$hC$5Uk
=ACF  \\$aPrevious Copyright Fee: GBP9.00$c0$e01-oct-2010$fGBP9.00$g0$hC$5Uk
=ACF  \\$aPrevious Copyright Fee: GBP9.00$c0$e01-jul-2010$fGBP9.00$g0$hC$5Uk
=ACF  \\$aPrevious Copyright Fee: GBP9.00$c0$e01-apr-2010$fGBP9.00$g0$hC$5Uk
=ACF  \\$aPrevious Copyright Fee: GBP9.00$c0$e01-Jan-2010$fGBP9.00$g0$hC$5Uk
=ACF  \\$aPrevious Copyright Fee: GBP6.00$c0$e01-oct-2009$fGBP6.00$g0$hC$5Uk
=ACF  \\$aPrevious Copyright Fee: GBP6.00$c0$e01-jul-2009$fGBP6.00$g0$hC$5Uk
=ACF  \\$aPrevious Copyright Fee: GBP6.00$c0$e01-apr-2009$fGBP6.00$g0$hC$5Uk
=ACF  \\$aPrevious Copyright Fee: GBP6.00$c0$e01-jan-2009$fGBP6.00$g0$hC$5Uk
=ACF  \\$aPrevious Copyright Fee: GBP6.00$c0$e01-oct-2008$fGBP6.00$g0$hC$5Uk
=ACF  \\$aPrevious Copyright Fee: GBP6.00$c0$e01-jul-2008$fGBP6.00$g0$hC$5Uk
=ACF  \\$aPrevious Copyright Fee: GBP6.00$c0$e01-apr-2008$fGBP6.00$g0$hC$5Uk
=ACF  \\$aPrevious Copyright Fee: GBP6.00$c0$e01-jan-2008$fGBP6.00$g0$hC$5Uk
=ACF  \\$aPrevious Copyright Fee: GBP5.00$c0$e01-oct-2007$fGBP5.00$g0$hC$5Uk
=ACF  \\$aPrevious copyright fee: GBP5.00$c0$e01-jul-2002$fGBP5.00$g0$hC$5Uk
=ACF  \\$aCurrent copyright fee: GBP4.40$c0$e27-jul-1998$fGBP4.40$g0$hA$5Uk
=ACF  \\$aPrevious Copyright Fee: GBP12.00$c0$e01-jul-2012$fGBP12.00$g0$hC$5Uk
=ACF  \\$aPrevious Copyright Fee: GBP12.00$c0$e01-oct-2012$fGBP12.00$g0$hC$5Uk
=ACF  \\$aPrevious Copyright Fee: GBP12.30$c0$e01-jan-2014$fGBP12.30$g0$hC$5Uk
=ACF  \\$aPrevious Copyright Fee: GBP15.00$c0$e01-jan-2017$fGBP15.00$g0$hC$5Uk
=ACF  \\$aPrevious Copyright Fee: GBP17.50$c0$e01-jan-2018$fGBP17.50$g0$hC$5Uk
=ACF  \\$aPrevious Copyright Fee: GBP20.00$c0$e01-jan-2020$fGBP20.00$g0$hC$5Uk
=ACF  \\$aPrevious Copyright Fee: GBP22.50$c0$e01-jan-2021$fGBP22.50$g0$hC$5Uk
=CAT  \\$aWR09-126
=CAT  \\$aBATCH-CLA$b00$c20111130$lBLL01$h1200
=CAT  \\$aIPL-CLA$c20111230$lBLL01$h1958
=CAT  \\$aBATCH-CLA$b00$c20120229$lBLL01$h1626
=CAT  \\$aIPL-CLA$c20120330$lBLL01$h1430
=CAT  \\$aBATCH-CLA$b00$c20120531$lBLL01$h1711
=CAT  \\$aIPL-CLA$c20120629$lBLL01$h1028
=CAT  \\$aBATCH-CLA$b00$c20120831$lBLL01$h1526
=CAT  \\$aIPL-CLA$c20120930$lBLL01$h2111
=CAT  \\$aBATCH-CLA$b00$c20121109$lBLL01$h1740
=CAT  \\$aWR13.005$c20130323$lBLL01$h1411
=CAT  \\$aBATCH-CLA$b00$c20131129$lBLL01$h1645
=CAT  \\$aIPL-CLA$c20131231$lBLL01$h2304
=CAT  \\$aWR14_140$c20140905$lBLL01$h1759
=CAT  \\$a11205$b40$c20150203$lBLL01$h1459
=CAT  \\$a11315$b40$c20150206$lBLL01$h1416
=CAT  \\$aBATCH-CLA$b00$c20161130$lBLL01$h1637
=CAT  \\$aIPL-CLA$c20161230$lBLL01$h2058
=CAT  \\$aBATCH-CLA$b00$c20171130$lBLL01$h1712
=CAT  \\$aIPL-CLA$c20171231$lBLL01$h1611
=CAT  \\$aBATCH-CLA$b00$c20191129$lBLL01$h1624
=CAT  \\$aIPL-CLA$c20191231$lBLL01$h1913
=CAT  \\$aBATCH-CLA$b00$c20201126$lBLL01$h1405
=CAT  \\$aIPL-CLA$c20201231$lBLL01$h2134
=CAT  \\$aBATCH-CLA$b00$c20221130$lBLL01$h1446
=CAT  \\$aIPL-CLA$c20221231$lBLL01$h2039
=CAT  \\$aBATCH-CLA$b00$c20230209$lBLL01$h1533
=CAT  \\$aIPL-CLA$c20230210$lBLL01$h0059
=CFI  0\$aCurrent Copyright Fee: GBP25.00$c0$e09-feb-2023$fGBP25.00$g0$hC$5Uk
=CFI  2\$aBritish Library not licensed to copy$c0$e01-jan-2023$hC$iCFP Excluded$5Uk
=FIN  \\$aY
=FMT  \\$a  SE
=LAS  \\$aIPL-CLA$b00$c20230210$lBLL01$h0059
=LEO  \\$aMP5.0001497187
=LEO  \\$aMP10.0000078219
=LEO  \\$aMP22.0000057029
=LEO  \\$aMP25.0000320455
=SRC  \\$aBNB03$bbibmp5.200404.2.ac
=SRC  \\$aDSS01$bbibmp10.200404.2.aa
=SRC  \\$aISN01$bbibmp22.200404.2.aa
=SRC  \\$aSRI01$bbibmp25.200404.2.aa
=SSD  \\$a25500{dollar}aVol.1, issue 1 (July/Aug. 1997)-
=TCO  \\$aCLA$bCLA$c008

