=LDR  05712cas a2201309 a 4500
=001  012396474
=003  Uk
=005  20211231154117.0
=007  ta
=008  771001c19609999enkmr\p\\\\\\\0\\\a0eng\\
=019  x\$a198015015X
=019  c\$a2051495
=019  0\$as278776000
=022  0\$a0009-9260
=030  \\$aCLRAAG
=040  \\$aUk$beng$cUk$dUk
=042  \\$aukblsr
=082  04$a616.0757$221
=084  \\$aGQ 20$2blsrissc
=210  0\$aClin. radiol.$b(Harlow. Print)
=222  \0$aClinical radiology$b(Harlow. Print)
=245  00$aClinical radiology.
=260  \\$aEdinburgh :$bE. & S. Livingstone,$c1960-
=260  2\$aHarlow, Essex :$bLongman
=260  2\$a[Oxford] :$bBlackwell Science
=264  31$aKidlington, Oxford :$bElsevier Ltd
=300  \\$av. ;$c25 cm.
=310  \\$aMonthly,$b<Aug. 1992->
=321  \\$aQuarterly,$b1960-
=321  \\$a6 no. a year,$b<July 1983->
=336  \\$atext$2rdacontent
=337  \\$aunmediated$2rdamedia
=338  \\$avolume$2rdacarrier
=362  0\$aVol. 11, issue 1 (Jan./Oct. 1960)-
=510  0\$aChemical abstracts,$x0009-2258
=540  \\$aCurrent copyright fee: GBP34.30$c5\1$5Uk
=550  \\$a"A journal of the Royal College of Radiologists."
=550  \\$aPublished for the Royal College of Radiologists; to 1975 the Faculty of Radiologists.
=555  \\$aVol. 11-20, 1960-1969, in 1 vol. (Includes index for Faculty of Radiologists. Journal, vol. 1-10, 1949-1959).
=588  \\$aLatest issue consulted: volume 68, issue 8 (August 2013).
=595  \\$aFORMERLY 4747.00 UP TO VOL. 10, 1959 SEE ALSO SERIAL RECORDS KCC/MAN USC EDULS AND ULPO.
=650  \0$aMedical radiology$vPeriodicals.
=650  \0$aRadiotherapy$vPeriodicals.
=710  2\$aRoyal College of Radiologists (Great Britain)
=710  2\$aFaculty of Radiologists (Great Britain)
=770  0\$tClinical radiology (Supplement)$x1361-6714
=776  08$iAlso issued online as:$tClinical radiology (Online)$x1365-229X
=780  00$tJournal of the faculty of radiologists$x0368-2242
=787  0\$tClinical radiology extra (Online)$x1477-6804
=852  41$aBritish Library$bHMNTS$jP.P.2706.kcg.$3Vol. 11. no. 1, (Jan. 1960)-
=852  41$aBritish Library$bDSC$j3286.350000$3Vol. 11, no. 1 (1960)-v. 67, no. 1 (2012)***UKRR Retained Title
=852  71$aBritish Library$bSTI$k(P)$hGQ 20$m-E(38)$2blsrissc$3Vol. 11 (1960)- v. 70 n. 4 (Apr.2015)***Title now taken as electronic copy
=856  \\$31850-9999$uhttp://www.elsevier.com/journals$xBLDSS
=945  \\$aClinical radiology -Edinburgh-.
=959  \\$fHeld but not currently received
=963  \\$aCA/M-7 1960- *A=1$bN
=985  \\$aRecord merged by DQ team
=985  \\$aISSN responsibility taken by ISSN Netherlands (multinational publisher), August 12 2013. ISSN UK Centre, August 12 2013.
=ACF  \\$aPrevious copyright fee: GBP19.00$c5\9$e01-jan-2008$fGBP19.00$g0$hP$5Uk
=ACF  \\$aPrevious copyright fee: GBP18.00$c5\9$e01-apr-2004$fGBP18.00$g0$hP$5Uk
=ACF  \\$aCurrent copyright fee: GBP20.00$c5\9$e01-jan-2003$fGBP20.00$g0$hP$5Uk
=ACF  \\$aCurrent copyright fee: GBP22.50$c0$e01-jul-2002$fGBP22.50$g0$hC$5Uk
=ACF  \\$aPrevious copyright fee: GBP20.00$c5\1$e01-jan-2009$fGBP20.00$g0$hP$5Uk
=ACF  \\$aPrevious copyright fee: GBP21.00$c5\1$e01-jan-2012$fGBP21.00$g0$hP$5Uk
=ACF  \\$aPrevious copyright fee: GBP22.50$c5\1$e01-jan-2013$fGBP22.50$g0$hP$5Uk
=ACF  \\$aPrevious copyright fee: GBP23.40$c5\1$e01-jan-2018$fGBP23.40$g0$hP$5Uk
=CAT  \\$aCONV$b00$c20040425$lBLL90$h0701
=CAT  \\$aCDS-UPD$b40$c20091208$lBLL01$h2213
=CAT  \\$aCDS-UPD$b40$c20091208$lBLL01$h2234
=CAT  \\$aWR11_155$c20111021$lBLL01$h1330
=CAT  \\$aWR11_155$c20111114$lBLL01$h1647
=CAT  \\$aBATCH-UPD$b00$c20111123$lBLL01$h1852
=CAT  \\$aIPL-CLA$c20111230$lBLL01$h2000
=CAT  \\$aBATCH-CLA$b00$c20121109$lBLL01$h1739
=CAT  \\$aBATCH-UPD$b00$c20121121$lBLL01$h1655
=CAT  \\$aIPL-CLA$c20121231$lBLL01$h1307
=CAT  \\$aIPL-CLA$c20130102$lBLL01$h1723
=CAT  \\$aWR13.005$c20130323$lBLL01$h1453
=CAT  \\$a11205$b40$c20130807$lBLL01$h0919
=CAT  \\$a11313$b40$c20130812$lBLL01$h1122
=CAT  \\$aBLDSS-3PM$b00$c20141222$lBLL01$h1712
=CAT  \\$a11205$b40$c20150605$lBLL01$h1128
=CAT  \\$a11205$b40$c20150605$lBLL01$h1130
=CAT  \\$a11205$b40$c20150605$lBLL01$h1139
=CAT  \\$aBATCH-UPD$b40$c20160413$lBLL01$h1815
=CAT  \\$aBATCH-UPD$b40$c20170304$lBLL01$h1117
=CAT  \\$aBATCH-UPD$b40$c20171121$lBLL01$h1742
=CAT  \\$aIPL-CLA$c20171231$lBLL01$h1613
=CAT  \\$aBATCH-UPD$b00$c20190521$lBLL01$h1434
=CAT  \\$aIPL-CLA$c20190630$lBLL01$h1531
=CAT  \\$aBATCH-UPD$b00$c20211119$lBLL01$h1552
=CAT  \\$aIPL-CLA$c20211231$lBLL01$h1541
=CFI  0\$aCurrent copyright fee: GBP34.30$c5\1$e01-jan-2022$fGBP34.30$g0$hP$5Uk
=CFI  2\$aPrevious copyright fee: GBP32.84$c5\1$e01-jul-2019$fGBP32.84$g0$hP$5Uk
=EST  \\$a2
=FFP  \\$aY$bBLDSS-3PM
=FIN  \\$aY
=FMT  \\$a  SE
=LAS  \\$aIPL-CLA$b00$c20211231$lBLL01$h1541
=LEO  \\$aMP1.0002363531.1
=LEO  \\$aMP22.0000000461
=LEO  \\$aMP25.0000116576
=LEO  \\$aMP10.0000150592
=LET  \0$aClinical radiology (Print)
=LKR  \\$aPAR$b010190613$lBLL01$r78000$mClinical radiology$nJournal of the faculty of radiologists (London)
=LKR  \\$aPAR$b012432455$lBLL01$nClinical radiology extra (Online)$mClinical radiology$r787
=SRC  \\$aBLS01$bbibmp1.200404.2.ac
=SRC  \\$aISN01$bbibmp22.200404.2.aa
=SRC  \\$aSRI01$bbibmp25.200404.2.aa
=SRC  \\$aDSS01$bbibmp10.200404.2.aa
=TCO  \\$aCLA$bCLA$c008
=TOC  \\$aETOC

