=LDR  06342cas a2201309ui 4500
=001  012397482
=003  Uk
=005  20221231144352.0
=007  ta
=008  040409d19641995ne\qr\p\\\\\\\0\\\a0eng\\
=019  c\$a2051827
=019  x\$a0651810108
=022  0\$a0587-5994
=040  \\$aUk$cUk$dUk
=210  0\$aCo-existence$b(Pick., Ont.)
=222  \0$aCo-existence$b(Pickering, Ontario)
=222  \0$aCo-existence
=245  10$aCo-existence.
=246  1\$iIssues for 1984- have title:$aCoexistence
=260  \\$aPickering, Ontario :$bCo-existence,$c1964-
=300  \\$a32 v. ;$c26 cm.
=310  \\$aQuarterly,$b1988-1995
=321  \\$aSemiannual,$b1964-1983
=321  \\$aThree times a year,$b1984-1987
=336  \\$atext$2rdacontent
=337  \\$aunmediated$2rdamedia
=338  \\$avolume$2rdacarrier
=362  0\$a1 (May 1964)-3 (May 1965) ; v. 3, no. 1 (Jan. 1966)-v.32, no. 4 (Dec. 1995).
=500  \\$aA journal for the comparative study of economics, sociology and politics in a changing world.
=500  \\$aImprint varies: Oxford, New York, Ontario : Pergamon Press, 1966-1970 ; Glasgow, Scotland : Robert Maclehouse & Co., 1971-1983 ; Hague : M. Nijhoff, 1984- ; Dordrecht, <1987>-1995.
=515  \\$aVol. 3, nos. 1-2 (1966) also called 4th-5th issues.
=540  \\$aCurrent Copyright Fee: GBP25.00$c0$5Uk
=595  \\$aCONTD AS 4544.96525 VOL. 33, 1996-
=650  \0$aSocial sciences$vPeriodicals.
=650  \0$aInternational relations$vPeriodicals.
=785  00$tInternational politics (The Hague)$x1384-5748
=852  41$aBritish Library$bDSC$j3292.830000$3No. 1 (1964)-v. 32, no. 4 (1995)***UKRR Retained Title***Stock Incomplete
=852  41$aBritish Library$bHMNTS$jP.521/140.$3[vol. 1. no.] 1, etc. May 1964, etc. -32(4),1995
=945  \\$aCoexistence -Glasgow then Dordrecht-.
=959  \\$fHeld but not currently received
=963  \\$aVOL. 1, 1964- 32, 1995 *A=1$bY$cP200.B.57
=985  \\$aRecord merged by DQ team
=985  \\$aISSN responsibility held by Nether lands ISSN Centre 12/04/07
=A02  \\$a2051827
=ACF  \\$aPrevious Copyright Fee: GBP8.79$c0$e01-jul-2009$fGBP8.79$g0$hC$5Uk
=ACF  \\$aPrevious Copyright Fee: GBP8.79$c0$e01-apr-2009$fGBP8.79$g0$hC$5Uk
=ACF  \\$aPrevious Copyright Fee: GBP7.69$c0$e01-jan-2009$fGBP7.69$g0$hC$5Uk
=ACF  \\$aPrevious Copyright Fee: GBP6.15$c0$e01-oct-2008$fGBP6.15$g0$hC$5Uk
=ACF  \\$aPrevious Copyright Fee: GBP6.15$c0$e01-jul-2008$fGBP6.15$g0$hC$5Uk
=ACF  \\$aPrevious Copyright Fee: GBP6.15$c0$e01-apr-2008$fGBP6.15$g0$hC$5Uk
=ACF  \\$aPrevious Copyright Fee: GBP3.50$c0$e01-jan-2008$fGBP3.50$g0$hC$5Uk
=ACF  \\$aPrevious Copyright Fee: GBP3.50$c0$e01-oct-2007$fGBP3.50$g0$hC$5Uk
=ACF  \\$aPrevious Copyright Fee: GBP3.50$c0$e01-jul-2007$fGBP3.50$g0$hC$5Uk
=ACF  \\$aPrevious Copyright Fee: GBP3.59$c0$e01-apr-2007$fGBP3.59$g0$hC$5Uk
=ACF  \\$aPrevious Copyright Fee: GBP3.78$c0$e01-jan-2007$fGBP3.78$g0$hC$5Uk
=ACF  \\$aPrevious Copyright Fee: GBP3.78$c0$e01-oct-2006$fGBP3.78$g0$hC$5Uk
=ACF  \\$aPrevious Copyright Fee: GBP4.00$c0$e01-jul-2006$fGBP4.00$g0$hC$5Uk
=ACF  \\$aPrevious Copyright Fee: GBP4.00$c0$e01-apr-2006$fGBP4.00$g0$hC$5Uk
=ACF  \\$aPrevious Copyright Fee: GBP3.89$c0$e01-jan-2006$fGBP3.89$g0$hC$5Uk
=ACF  \\$aPrevious Copyright Fee: GBP3.78$c0$e01-oct-2005$fGBP3.78$g0$hC$5Uk
=ACF  \\$aPrevious Copyright Fee: GBP13.51$c0$e01-jul-2005$fGBP13.51$g0$hC$5Uk
=ACF  \\$aPrevious Copyright Fee: GBP13.51$c0$e01-apr-2005$fGBP13.51$g0$hC$5Uk
=ACF  \\$aPrevious Copyright Fee: GBP13.89$c0$e01-jan-2005$fGBP13.89$g0$hC$5Uk
=ACF  \\$aPrevious Copyright Fee: GBP13.51$c0$e01-oct-2004$fGBP13.51$g0$hC$5Uk
=ACF  \\$aPrevious copyright fee: GBP13.51$c0$e01-apr-2004$fGBP13.51$g0$hC$5Uk
=ACF  \\$aCurrent copyright fee: GBP14.71$c0$e01-jan-2004$fGBP14.71$g0$hC$5Uk
=ACF  \\$aCurrent copyright fee: GBP15.63$c0$e01-apr-2003$fGBP15.63$g0$hC$5Uk
=ACF  \\$aPrevious copyright fee: GBP10.50$c0$e01-jan-2011$fGBP10.50$g0$hA$5Uk
=ACF  \\$aPrevious copyright fee: GBP12.00$c0$e01-jan-2012$fGBP12.00$g0$hA$5Uk
=ACF  \\$aPrevious Copyright Fee: GBP12.30$c0$e01-jan-2014$fGBP12.30$g0$hA$5Uk
=ACF  \\$aPrevious Copyright Fee: GBP15.00$c0$e01-jan-2017$fGBP15.00$g0$hA$5Uk
=ACF  \\$aPrevious Copyright Fee: GBP17.50$c0$e01-jan-2018$fGBP17.50$g0$hA$5Uk
=ACF  \\$aPrevious Copyright Fee: GBP20.00$c0$e01-jan-2020$fGBP20.00$g0$hA$5Uk
=CAT  \\$aCONV$b00$c20040425$lBLL90$h0701
=CAT  \\$aBATCH$b00$c20090401$lBLL01$h0206
=CAT  \\$aBATCH-CLA$b00$c20090529$lBLL01$h1705
=CAT  \\$aBATCH-UPD$b00$c20090701$lBLL01$h2010
=CAT  \\$aBATCH-UPD$b00$c20090701$lBLL01$h2039
=CAT  \\$aBATCH$b00$c20090701$lBLL01$h2101
=CAT  \\$aBATCH-UPD$b00$c20101201$lBLL01$h1245
=CAT  \\$aIPL-CLA$c20101231$lBLL01$h1455
=CAT  \\$aWR11_203$c20111204$lBLL01$h1457
=CAT  \\$aIPL-CLA$c20111230$lBLL01$h2000
=CAT  \\$aBATCH-UPD$b00$c20120614$lBLL01$h2141
=CAT  \\$aBATCH-CLA$b00$c20121109$lBLL01$h1739
=CAT  \\$aWR13.005$c20130323$lBLL01$h1454
=CAT  \\$aBATCH-CLA$c20131220$lBLL01$h2007
=CAT  \\$aIPL-CLA$c20131231$lBLL01$h2308
=CAT  \\$aBATCH-CLA$b00$c20161222$lBLL01$h1756
=CAT  \\$aIPL-CLA$c20161230$lBLL01$h2101
=CAT  \\$aBATCH-CLA$b00$c20171222$lBLL01$h2116
=CAT  \\$aIPL-CLA$c20171231$lBLL01$h1613
=CAT  \\$aBATCH-CLA$b00$c20191219$lBLL01$h1724
=CAT  \\$aIPL-CLA$c20191231$lBLL01$h1914
=CAT  \\$aR2001-1524$c20200127$lBLL01$h1959
=CAT  \\$aBATCH-CLA$b00$c20201204$lBLL01$h1524
=CAT  \\$aIPL-CLA$c20201231$lBLL01$h1527
=CAT  \\$aBATCH-CLA$b00$c20221221$lBLL01$h1832
=CAT  \\$aIPL-CLA$c20221231$lBLL01$h1443
=CFI  0\$aCurrent Copyright Fee: GBP25.00$c0$e01-jan-2023$fGBP25.00$g0$hA$5Uk
=CFI  2\$aPrevious Copyright Fee: GBP22.50$c0$e01-jan-2021$fGBP22.50$g0$hA$5Uk
=FIN  \\$aY
=FMT  \\$a  SE
=LAS  \\$aIPL-CLA$b00$c20221231$lBLL01$h1443
=LEO  \\$aMP22.0000023896
=LEO  \\$aMP1.0000773674
=LEO  \\$aMP10.0000152097
=SRC  \\$aISN01$bbibmp22.200404.2.aa
=SRC  \\$aBLS01$bbibmp1.200404.2.aa
=SRC  \\$aDSS01$bbibmp10.200404.2.aa
=TCO  \\$aNLD$bSTICHTING REPRORECHT$c008
=TOC  \\$aETOC

