=LDR  06156cas a2201381 a 4500
=001  012399825
=003  Uk
=005  20221231144354.0
=006  aa\\\|||||||||||||
=007  ta
=008  770419c19699999pauqr\p\\\\\\\0\\\a0eng\\
=015  \\$aGB6922047$2bnb
=019  c\$a2052736
=019  y\$aB6922047
=019  9\$ab6922047
=019  0\$as12994100x
=022  0\$a0010-2202$z0588-5698
=040  \\$aUk$beng$cUk$dUk
=042  \\$aukblsr
=082  04$a541.36105$218
=084  \\$aLL 00$2blsrissc
=210  0\$aCombust. sci. technol.
=222  \0$aCombustion science and technology
=245  00$aCombustion science and technology.
=246  13$aCST
=260  \\$aNew York ;$aLondon :$bGordon and Breach,$c1969-93; 2002-
=264  31$aPhiladelphia, PA :$bTaylor & Francis
=300  \\$av. ;$c27 cm.
=310  \\$aQuarterly
=321  \\$aMonthly
=336  \\$atext$2rdacontent
=337  \\$aunmediated$2rdamedia
=338  \\$avolume$2rdacarrier
=362  0\$aVol. 1, no. 1- ; July 1969-
=500  \\$a6 no. a year. Microfiche edition £14/10/-. [2],74p. in first issue.
=504  \\$abibl.
=540  \\$aCurrent copyright fee: GBP43.00$c2\0$5Uk
=555  \\$aCumulative index.
=588  \\$aLatest issue consulted: volume 185, numbers 7-9 (2013).
=595  \\$aABSORBS 7163.500.
=650  \0$aCombustion$vPeriodicals.
=776  0\$tCombustion science and technology (Online)$x1563-521X
=780  05$tPyrodynamics$x0555-8344
=787  0\$tNenshō no kagaku to gijutsu$x0918-5712
=852  71$aBritish Library$bSTI$k(P)$hLL 00$m-E(2)$2blsrissc$3Vol. 1 (1969)-v. 90; v. 174-v. 187, issue 10/12 (2015)***title now taken as electronic copy only
=852  41$aBritish Library$bDSC$j3330.205000$3Vol. 1, no. 1 (1969)-v. 185, no. 12 (2013)***UKRR Retained Title***Stock Incomplete
=852  71$aBritish Library$bSTI$k(TP)$hLL 00$m-E(2)$2blsrissc$3Accompanying CD-ROM
=856  \\$31850-9999$uhttp://www.tandfonline.com/$xBLDSS
=945  \\$aCOMBUSTION SCIENCE AND TECHNOLOGY -NEW YORK THEN YVERDON-.
=959  \\$fHeld but not currently received
=963  \\$aVOL. 1, 1969- 88, 1993 *A=1$bY$cP361:2.B.37
=964  \\$aVOL. 1, 1969- 56(4/6), 1987 *A=1$c536.46$dQ$eJC7212
=968  \\$bx
=985  \\$aISSN responsibility taken by US ISSN Center (multinational publisher), October 25 2013.
=985  \\$aRecord merged by DQ team
=ACF  \\$aPrevious copyright fee: GBP21.00$c2\0$e01-jan-2010$fGBP21.00$g0$hP$5Uk
=ACF  \\$aPrevious copyright fee: GBP20.00$c2\0$e01-jan-2009$fGBP20.00$g0$hP$5Uk
=ACF  \\$aPrevious copyright fee: GBP19.00$c2\0$e01-apr-2008$fGBP19.00$g0$hP$5Uk
=ACF  \\$aPrevious copyright fee: GBP20.00$c2\0$e01-jan-2007$fGBP20.00$g0$hP$5Uk
=ACF  \\$aPrevious copyright fee: GBP18.00$c2\0$e01-jan-2005$fGBP18.00$g0$hP$5Uk
=ACF  \\$aPrevious copyright fee: GBP15.00$c2\0$e01-jan-2004$fGBP15.00$g0$hP$5Uk
=ACF  \\$aCurrent copyright fee: GBP13.00$c2\0$e07-may-2002$fGBP13.00$g0$hP$5Uk
=ACF  \\$aCurrent copyright fee: GBP2.50$c0$e01-jul-1998$fGBP2.50$g0$hC$5Uk
=ACF  \\$aPrevious copyright fee: GBP25.00$c2\0$e01-jan-2011$fGBP25.00$g0$hP$5Uk
=ACF  \\$aPrevious copyright fee: GBP27.00$c2\0$e01-jan-2012$fGBP27.00$g0$hP$5Uk
=ACF  \\$aPrevious copyright fee: GBP27.50$c2\0$e01-jan-2013$fGBP27.50$g0$hP$5Uk
=ACF  \\$aPrevious copyright fee: GBP28.00$c2\0$e01-jan-2014$fGBP28.00$g0$hP$5Uk
=ACF  \\$aPrevious copyright fee: GBP30.00$c2\0$e01-jan-2015$fGBP30.00$g0$hP$5Uk
=ACF  \\$aPrevious copyright fee: GBP34.00$c2\0$e01-jan-2016$fGBP34.00$g0$hP$5Uk
=ACF  \\$aPrevious copyright fee: GBP31.00$c2\0$e01-apr-2016$fGBP31.00$g0$hP$5Uk
=ACF  \\$aPrevious copyright fee: GBP33.00$c2\0$e01-jan-2017$fGBP33.00$g0$hP$5Uk
=ACF  \\$aPrevious copyright fee: GBP35.00$c2\0$e01-jan-2018$fGBP35.00$g0$hP$5Uk
=ACF  \\$aPrevious copyright fee: GBP37.00$c2\0$e01-jan-2019$fGBP37.00$g0$hP$5Uk
=ACF  \\$aPrevious copyright fee: GBP39.00$c2\0$e01-jan-2020$fGBP39.00$g0$hP$5Uk
=CAT  \\$aWR09-126
=CAT  \\$aBATCH-CLA$b00$c20140125$lBLL01$h1318
=CAT  \\$aBATCH-CLA$c20140225$lBLL01$h2318
=CAT  \\$aWR14_140$c20140905$lBLL01$h1759
=CAT  \\$aBATCH-UPD$b00$c20141124$lBLL01$h1752
=CAT  \\$aBLDSS-3PM$b00$c20141130$lBLL01$h1247
=CAT  \\$aIPL-CLA$c20141231$lBLL01$h1649
=CAT  \\$aBATCH-UPD$b00$c20151119$lBLL01$h1534
=CAT  \\$aIPL-CLA$c20151231$lBLL01$h1918
=CAT  \\$a5997$b40$c20160217$lBLL01$h1412
=CAT  \\$a5552$b40$c20160301$lBLL01$h0919
=CAT  \\$aIPL-CLA$c20160331$lBLL01$h1720
=CAT  \\$aBATCH-UPD$b00$c20160413$lBLL01$h1816
=CAT  \\$aBATCH-UPD$b00$c20161122$lBLL01$h1504
=CAT  \\$aBATCH-UPD$b00$c20161122$lBLL01$h1534
=CAT  \\$aIPL-CLA$c20161230$lBLL01$h2102
=CAT  \\$aBATCH-UPD$b00$c20171121$lBLL01$h1654
=CAT  \\$aIPL-CLA$c20171231$lBLL01$h1614
=CAT  \\$aBATCH-UPD$b00$c20181217$lBLL01$h1644
=CAT  \\$aIPL-CLA$c20181231$lBLL01$h1539
=CAT  \\$aBATCH-UPD$b00$c20191122$lBLL01$h1906
=CAT  \\$aIPL-CLA$c20191231$lBLL01$h1915
=CAT  \\$aBATCH-UPD$b00$c20201118$lBLL01$h1340
=CAT  \\$aIPL-CLA$c20201231$lBLL01$h1527
=CAT  \\$aBATCH-UPD$b00$c20221121$lBLL01$h1339
=CAT  \\$aIPL-CLA$c20221231$lBLL01$h1443
=CFI  0\$aCurrent copyright fee: GBP43.00$c2\0$e01-jan-2023$fGBP43.00$g0$hP$5Uk
=CFI  2\$aPrevious copyright fee: GBP41.00$c2\0$e01-jan-2021$fGBP41.00$g0$hP$5Uk
=FFP  \\$aY$bBLDSS-3PM
=FIN  \\$aY
=FMT  \\$a  SE
=LAS  \\$aIPL-CLA$b00$c20221231$lBLL01$h1443
=LEO  \\$aMP2.0000302544
=LEO  \\$aMP22.0000000476
=LEO  \\$aMP25.0000032396
=LEO  \\$aMP10.0000155288
=LKR  \\$aPAR$b013355861$lBLL01$r776$mCombustion science and technology (Print)$nCombustion science and technology (Online)
=LKR  \\$aPAR$b008550041$lBLL01$r78005$mCombustion science and technology$nPYRODYNAMICS.
=SRC  \\$aBNB01$bbibmp2.200404.2.aa
=SRC  \\$aISN01$bbibmp22.200404.2.aa
=SRC  \\$aSRI01$bbibmp25.200404.2.aa
=SRC  \\$aDSS01$bbibmp10.200404.2.aa
=TCO  \\$aCLA$bCLA$c008
=TOC  \\$aETOC

