=LDR  05709cas a2201273 a 4500
=001  012400851
=003  Uk
=005  20221231144354.0
=007  ta
=008  990308c19989999enkqr\p\\\\\\\0\\\a0eng\\
=015  \\$aGB9916919$2bnb
=019  y\$ab9916919
=019  9\$ab9916919
=019  1\$ab9916919
=019  c\$a2566243
=022  0\$a1466-2043
=039  0\$a2530
=040  \\$aUk$cUk$dUk
=082  04$a320.9171241$221
=210  0\$aCommonw. comp. polit.
=222  \0$aCommonwealth & comparative politics
=245  00$aCommonwealth & comparative politics.
=246  3\$aCommonwealth and comparative politics
=246  13$aJournal of commonwealth & comparative politics
=260  \\$aLondon :$bFrank Cass,$c1998-
=264  31$aAbingdon :$bTaylor & Francis, an Informa business
=300  \\$av. ;$c22 cm.
=310  \\$aQuarterly,$b2007-
=321  \\$aThree issues yearly,$b1998-2006
=336  \\$atext$2rdacontent
=337  \\$aunmediated$2rdamedia
=338  \\$avolume$2rdacarrier
=362  0\$aVol. 36, no. 1 (Mar. 1998)-
=540  \\$aCurrent copyright fee: GBP37.00$c2\0$5Uk
=588  \\$aLatest issue consulted: volume 51, number 3 (July 2013).
=595  \\$aFormerly 4961.250000 up to Vol. 35 (1997).
=651  \0$aCommonwealth countries$xPolitics and government$vPeriodicals.
=730  0\$aJournal of Commonwealth & comparative politics,$x0306-3631.
=776  0\$tCommonwealth & comparative politics (Online)$x1743-9094
=780  00$tJournal of Commonwealth & comparative politics$x0306-3631
=852  41$aBritish Library$bDSC$j3339.426700$3Vol. 36, no. 1 (1998)-v. 47, no. 4 (2009)***UKRR Retained Title
=852  41$aBritish Library$bHMNTS$jPP.7617.bh$3Vol. 36, no.1 (1998)-v.53, no. 4 (2015)***title now taken as electronic copy only
=856  \\$31850-9999$uhttp://www.tandfonline.com/$xBLDSS
=945  \\$aCommonwealth and comparative politics
=959  \\$fHeld but not currently received
=963  \\$aVol. 36 (1998)-$bY$cP212.B.6
=985  \\$aISSN responsibility taken by US ISSN Center (multinational publisher), August 14 2013.
=A02  \\$a2566243
=ACF  \\$aPrevious copyright fee: GBP17.00$c2\0$e01-jan-2010$fGBP17.00$g0$hP$5Uk
=ACF  \\$aPrevious copyright fee: GBP16.00$c2\0$e01-jan-2009$fGBP16.00$g0$hP$5Uk
=ACF  \\$aPrevious copyright fee: GBP15.00$c2\0$e01-apr-2008$fGBP15.00$g0$hP$5Uk
=ACF  \\$aPrevious copyright fee: GBP16.00$c2\0$e01-jan-2007$fGBP16.00$g0$hP$5Uk
=ACF  \\$aPrevious copyright fee: GBP13.00$c2\0$e01-jan-2005$fGBP13.00$g0$hP$5Uk
=ACF  \\$aPrevious copyright fee: GBP11.00$c2\0$e01-jan-2004$fGBP11.00$g0$hP$5Uk
=ACF  \\$aCurrent copyright fee: GBP5.00$c0$e01-jul-2002$fGBP5.00$g0$hC$5Uk
=ACF  \\$aCurrent copyright fee: GBP2.50$c0$e01-jul-1998$fGBP2.50$g0$hC$5Uk
=ACF  \\$aPrevious copyright fee: GBP21.00$c2\0$e01-jan-2011$fGBP21.00$g0$hP$5Uk
=ACF  \\$aPrevious copyright fee: GBP23.00$c2\0$e01-jan-2012$fGBP23.00$g0$hP$5Uk
=ACF  \\$aPrevious copyright fee: GBP23.50$c2\0$e01-jan-2013$fGBP23.50$g0$hP$5Uk
=ACF  \\$aPrevious copyright fee: GBP24.00$c2\0$e01-jan-2014$fGBP24.00$g0$hP$5Uk
=ACF  \\$aPrevious copyright fee: GBP25.00$c2\0$e01-jan-2015$fGBP25.00$g0$hP$5Uk
=ACF  \\$aPrevious copyright fee: GBP26.00$c2\0$e01-jan-2016$fGBP26.00$g0$hP$5Uk
=ACF  \\$aPrevious copyright fee: GBP28.00$c2\0$e01-jan-2017$fGBP28.00$g0$hP$5Uk
=ACF  \\$aPrevious copyright fee: GBP30.00$c2\0$e01-jan-2018$fGBP30.00$g0$hP$5Uk
=ACF  \\$aPrevious copyright fee: GBP32.00$c2\0$e01-jan-2019$fGBP32.00$g0$hP$5Uk
=ACF  \\$aPrevious copyright fee: GBP34.00$c2\0$e01-jan-2020$fGBP34.00$g0$hP$5Uk
=CAT  \\$aWR09-126
=CAT  \\$a11313$b40$c20130814$lBLL01$h0812
=CAT  \\$aBATCH-UPD$b40$c20131119$lBLL01$h1959
=CAT  \\$aIPL-CLA$c20131231$lBLL01$h2310
=CAT  \\$aBATCH-CLA$b00$c20140125$lBLL01$h1319
=CAT  \\$aBATCH-CLA$c20140225$lBLL01$h2318
=CAT  \\$aWR14_140$c20140905$lBLL01$h1759
=CAT  \\$aBATCH-UPD$b00$c20141124$lBLL01$h1801
=CAT  \\$aBLDSS-3PM$b00$c20141130$lBLL01$h1247
=CAT  \\$aIPL-CLA$c20141231$lBLL01$h1649
=CAT  \\$aBATCH-UPD$b00$c20151119$lBLL01$h1542
=CAT  \\$aIPL-CLA$c20151231$lBLL01$h1918
=CAT  \\$aBATCH-UPD$b00$c20160413$lBLL01$h1816
=CAT  \\$aBATCH-UPD$b00$c20161122$lBLL01$h1511
=CAT  \\$aBATCH-UPD$b00$c20161122$lBLL01$h1609
=CAT  \\$aIPL-CLA$c20161230$lBLL01$h2102
=CAT  \\$aBATCH-UPD$b00$c20171121$lBLL01$h1646
=CAT  \\$aIPL-CLA$c20171231$lBLL01$h1614
=CAT  \\$aBATCH-UPD$b00$c20181217$lBLL01$h1637
=CAT  \\$aIPL-CLA$c20181231$lBLL01$h1539
=CAT  \\$aBATCH-UPD$b00$c20191122$lBLL01$h1859
=CAT  \\$aIPL-CLA$c20191231$lBLL01$h1915
=CAT  \\$aBATCH-UPD$b00$c20201118$lBLL01$h1333
=CAT  \\$aIPL-CLA$c20201231$lBLL01$h1527
=CAT  \\$aBATCH-UPD$b00$c20221121$lBLL01$h1346
=CAT  \\$aIPL-CLA$c20221231$lBLL01$h1443
=CFI  0\$aCurrent copyright fee: GBP37.00$c2\0$e01-jan-2023$fGBP37.00$g0$hP$5Uk
=CFI  2\$aPrevious copyright fee: GBP35.00$c2\0$e01-jan-2021$fGBP35.00$g0$hP$5Uk
=FFP  \\$aY$bBLDSS-3PM
=FIN  \\$aY
=FMT  \\$a  SE
=LAS  \\$aIPL-CLA$b00$c20221231$lBLL01$h1443
=LEO  \\$aMP10.0000156691
=LEO  \\$aMP5.0001506906
=LEO  \\$aMP13.0000347307
=LEO  \\$aMP22.0000060823
=LKR  \\$aPAR$b013357499$lBLL01$nCommonwealth and comparative politics (Online)$mCommonwealth & comparative politics$r776
=SRC  \\$aBNB03$bbibmp5.200404.2.ac
=SRC  \\$aHSS01$bbibmp13.200404.2.aa
=SRC  \\$aISN01$bbibmp22.200404.2.aa
=SRC  \\$aDSS01$bbibmp10.200404.2.aa
=TCO  \\$aCLA$bCLA$c008
=TOC  \\$aETOC

