=LDR  04812cas a2201141 a 4500
=001  012413502
=003  Uk
=005  20221231144405.0
=007  ta
=008  930810c19939999enkqr\p\\\\\\\0\\\a0eng\\
=015  \\$aGB9342685$2bnb
=019  c\$a2471880
=019  y\$ab9342685
=019  9\$ab9342685
=019  1\$ab9342685
=022  0\$a1350-0775
=039  0\$a2253
=040  \\$aUk$cUk$dUk
=082  04$a069.05$220
=222  \0$aMuseum international
=245  00$aMuseum international.
=260  \\$aOxford :$bBlackwell,$c1993-
=300  \\$av. :$bill. (some col.) ;$c30 cm.
=310  \\$aQuarterly
=336  \\$atext$2rdacontent
=337  \\$aunmediated$2rdamedia
=338  \\$avolume$2rdacarrier
=362  0\$aVol. 45, no. 1- = no. 177-
=500  \\$aDescription based on: No.2 (1993)
=540  \\$aCurrent copyright fee: GBP37.00$c2\0$5Uk
=595  \\$aFORMERLY 5987.01 UP TO VOL. 44(4)//NO. 176, 1992 SEE ALSO 5987.01 FOR SML HOLDINGS.
=650  \0$aMuseums$vPeriodicals.
=775  08$iAlso in French:$tMuseum international$x1020-2226
=776  0\$tMuseum international (Online)$x1468-0033
=780  00$tMuseum (English edition)$x0027-3996
=852  41$aBritish Library$bHMNTS$jUNL.124$3Vol. 45, no. 1 (1993)-v. 63, no. 1/2=no. 249/250 (2011)***Title now taken as electronic copy
=852  41$aBritish Library$bDSC$j5987.708000$3Vol. 45, no. 1 (1993)-v. 61, no. 4 (2009)***UKRR Retained Title
=856  \\$31850-9999$uhttp://onlinelibrary.wiley.com/$xBLDSS
=945  \\$aMUSEUM INTERNATIONAL.
=959  \\$fHeld but not currently received
=963  \\$aVOL. 45, 1993- *A=1$bY$cP908:1.A.1
=985  \\$aRecord merged by DQ team
=985  \\$aISSN responsibility held by ISSN International Centre 28/05/09.
=A02  \\$a2471880
=ACF  \\$aPrevious copyright fee: GBP16.00$c10\0$e01-jan-2006$fGBP16.00$g0$hP$5Uk
=ACF  \\$aPrevious copyright fee: GBP15.00$c10\0$e01-apr-2004$fGBP15.00$g0$hP$5Uk
=ACF  \\$aCurrent copyright fee: GBP13.00$c10\0$e01-apr-2003$fGBP13.00$g0$hP$5Uk
=ACF  \\$aCurrent copyright fee: GBP13.00$c10\6$e01-apr-2002$fGBP13.00$g0$hP$5Uk
=ACF  \\$aPrevious copyright fee: GBP17.00$c10\0$e01-jan-2009$fGBP17.00$g0$hP$5Uk
=ACF  \\$aPrevious copyright fee: GBP22.00$c10\0$e01-jan-2011$fGBP22.00$g0$hP$5Uk
=ACF  \\$aPrevious copyright fee: GBP24.00$c10\0$e01-mar-2015$fGBP24.00$g0$hP$5Uk
=ACF  \\$aPrevious copyright fee: GBP28.00$c35\0$e01-jan-2019$fGBP28.00$g0$hP$5Uk
=ACF  \\$aPrevious copyright fee: GBP24.00$c35\0$e07-mar-2017$fGBP24.00$g0$hP$5Uk
=ACF  \\$aPrevious copyright fee: GBP32.00$c2\0$e06-feb-2019$fGBP32.00$g0$hP$5Uk
=ACF  \\$aPrevious copyright fee: GBP34.00$c2\0$e01-jan-2020$fGBP34.00$g0$hP$5Uk
=CAT  \\$aCONV$b00$c20040425$lBLL90$h0707
=CAT  \\$aIPL-CLA$c20101231$lBLL01$h1501
=CAT  \\$a8874$b40$c20110620$lBLL01$h1109
=CAT  \\$aBATCH-UPD$b40$c20120614$lBLL01$h2141
=CAT  \\$aBATCH-CLA$b00$c20121109$lBLL01$h1737
=CAT  \\$aWR12_168$c20121206$lBLL01$h1836
=CAT  \\$aWR13.005$c20130323$lBLL01$h1501
=CAT  \\$a8874$b40$c20130522$lBLL01$h1433
=CAT  \\$aWR14_140$c20140905$lBLL01$h1759
=CAT  \\$aBLDSS-3PM$b00$c20141214$lBLL01$h1521
=CAT  \\$aBATCH-UPD$b00$c20150215$lBLL01$h1623
=CAT  \\$aIPL-CLA$c20150228$lBLL01$h2046
=CAT  \\$aBATCH-UPD$b00$c20170304$lBLL01$h1119
=CAT  \\$aW1703-0316$c20170306$lBLL01$h1823
=CAT  \\$aW1703-0316$c20170307$lBLL01$h1647
=CAT  \\$aIPL-CLA$c20170307$lBLL01$h1823
=CAT  \\$aBATCH-UPD$b00$c20180219$lBLL01$h1744
=CAT  \\$aBATCH-UPD$b00$c20181121$lBLL01$h1620
=CAT  \\$aIPL-CLA$c20181231$lBLL01$h1539
=CAT  \\$a5552$b40$c20190206$lBLL01$h1413
=CAT  \\$aBATCH-UPD$b40$c20191122$lBLL01$h1859
=CAT  \\$aIPL-CLA$c20191231$lBLL01$h1918
=CAT  \\$aBATCH-UPD$b00$c20201118$lBLL01$h1333
=CAT  \\$aIPL-CLA$c20201231$lBLL01$h1527
=CAT  \\$aBATCH-UPD$b00$c20221121$lBLL01$h1346
=CAT  \\$aIPL-CLA$c20221231$lBLL01$h1444
=CFI  0\$aCurrent copyright fee: GBP37.00$c2\0$e01-jan-2023$fGBP37.00$g0$hP$5Uk
=CFI  2\$aPrevious copyright fee: GBP35.00$c2\0$e01-jan-2021$fGBP35.00$g0$hP$5Uk
=EST  \\$a2
=FFP  \\$aY$bBLDSS-3PM
=FIN  \\$aY
=FMT  \\$a  SE
=LAS  \\$aIPL-CLA$b00$c20221231$lBLL01$h1444
=LEO  \\$aMP5.0000811058
=LEO  \\$aMP13.0000321661
=LEO  \\$aMP10.0000387127
=LKR  \\$aPAR$b012413448$lBLL01$r78000$mMuseum international$nMUSEUM -PARIS THEN OXFORD- UNESCO-.
=LKR  \\$aPAR$b012434467$lBLL01$r776$mMuseum international$nMuseum international (English ed. Online)
=SRC  \\$aBNB03$bbibmp5.200404.2.ab
=SRC  \\$aHSS01$bbibmp13.200404.2.aa
=SRC  \\$aDSS01$bbibmp10.200404.2.aa
=TCO  \\$aCLA$bCLA$c008
=TOC  \\$aETOC

