=LDR  05465cas a2201225 a 4500
=001  012415022
=003  Uk
=005  20230209233608.0
=007  ta
=008  751012c19539999enkqr\p\\\\\\\0\\\a0eng\\
=010  \\$aa 56007046
=019  c\$a2112895
=019  x\$a3347280148
=022  \\$a0027-7738
=040  \\$aUk$cUk$dUk
=082  04$a929.405$222
=210  0\$aNames
=222  \0$aNames
=245  00$aNames :$ba journal of onomastics.
=260  \\$aPotsdam, N.Y. :$bState University College,$c1953-
=260  3\$aLeeds :$bManey
=300  \\$av. ;$c23 cm.
=310  \\$aQuarterly
=336  \\$atext$2rdacontent
=337  \\$aunmediated$2rdamedia
=338  \\$avolume$2rdacarrier
=362  0\$aVol. 1, no. 1 (Mar. 1953)-
=500  \\$aThe imprint varies.
=500  \\$aLatest issue consulted: Vol. 56, no. 3 (Sept. 2008).
=530  \\$aAlso issued online.
=540  \\$aCurrent Copyright Fee: GBP25.00$c0$5Uk
=550  \\$a"Journal of the American Name Society."
=555  \\$aVols. 1-15, 1953-67, in v. 15; v. 31-45, 1983-97 as v. 45, no. 4.
=595  \\$aSEE ALSO CARD INDEX.
=650  \0$aOnomastics$vPeriodicals.
=650  \0$aNames$vPeriodicals.
=710  2\$aAmerican Name Society.
=776  08$iAlso issued online as:$tNames (Online)$x1756-2279
=852  \\$aBritish Library$bHMNTS$jZC.9.a.8184$3Vol. 56, no. 1 (2008)-v. 61, no. 3 (2013)***title now taken as electronic copy only
=852  41$aBritish Library$bDSC$j6015.331000$3Vol. 1 (1953)-v. 59, no. 4 (2011)***UKRR Retained Title
=852  41$aBritish Library$bHMNTS$jAc.9234.wa.$3Vol. 1, no. 1 (Mar. 1953)-v. 44, no. 4 (Dec. 1996)
=945  \\$aNames -Potsdam New York-
=959  \\$fHeld but not currently received
=963  \\$aVOL. 1, 1953- *A=1$bN$cP498.C.35
=985  \\$aResponsibility for ISSN taken by ISSN UK from NSDP, 30.10.08
=985  \\$aResponsibility transferred back to U.S. Center - print version still being published - no copy to update BL record (17/12/21)
=A02  \\$a2112895
=ACF  \\$aPrevious Copyright Fee: GBP18.00$c0$e01-Jan-2010$fGBP18.00$g0$hC$5Uk
=ACF  \\$aPrevious Copyright Fee: GBP18.00$c0$e01-apr-2008$fGBP18.00$g0$hC$5Uk
=ACF  \\$aPrevious Copyright Fee: GBP1.50$c0$e01-jul-2007$fGBP1.50$g0$hC$5Uk
=ACF  \\$aPrevious Copyright Fee: GBP1.54$c0$e01-apr-2007$fGBP1.54$g0$hC$5Uk
=ACF  \\$aPrevious Copyright Fee: GBP1.62$c0$e01-oct-2006$fGBP1.62$g0$hC$5Uk
=ACF  \\$aPrevious Copyright Fee: GBP1.71$c0$e01-apr-2006$fGBP1.71$g0$hC$5Uk
=ACF  \\$aPrevious Copyright Fee: GBP1.67$c0$e01-jan-2006$fGBP1.67$g0$hC$5Uk
=ACF  \\$aPrevious Copyright Fee: GBP1.62$c0$e01-apr-2005$fGBP1.62$g0$hC$5Uk
=ACF  \\$aPrevious Copyright Fee: GBP1.67$c0$e01-jan-2005$fGBP1.67$g0$hC$5Uk
=ACF  \\$aPrevious copyright fee: GBP1.62$c0$e01-apr-2004$fGBP1.62$g0$hC$5Uk
=ACF  \\$aCurrent copyright fee: GBP1.76$c0$e01-jan-2004$fGBP1.76$g0$hC$5Uk
=ACF  \\$aCurrent copyright fee: GBP1.88$c0$e01-jan-2003$fGBP1.88$g0$hC$5Uk
=ACF  \\$aPrevious Copyright Fee: GBP18.00$c47\0$e01-apr-2010$fGBP18.00$g0$hP$5Uk
=ACF  \\$aPrevious copyright fee: GBP25.00$c47\0$e01-jul-2012$fGBP25.00$g0$hP$5Uk
=ACF  \\$aPrevious copyright fee: GBP28.00$c47\0$e01-jan-2017$fGBP28.00$g0$hP$5Uk
=ACF  \\$aPrevious copyright fee: GBP26.00$c47\0$e01-jan-2016$fGBP26.00$g0$hP$5Uk
=ACF  \\$aPrevious copyright fee: GBP32.00$c47\0$e14-jan-2019$fGBP32.00$g0$hP$5Uk
=ACF  \\$aPrevious copyright fee: GBP34.00$c47\0$e01-jan-2020$fGBP34.00$g0$hP$5Uk
=ACF  \\$aPrevious copyright fee: GBP22.50$c0$e01-jan-2021$fGBP22.50$g0$hA$5Uk
=CAT  \\$aCONV$b00$c20040425$lBLL90$h0707
=CAT  \\$aBATCH$b00$c20100401$lBLL01$h1619
=CAT  \\$aCDS12-UPD$b40$c20111002$lBLL01$h2318
=CAT  \\$a5552$b40$c20120402$lBLL01$h1359
=CAT  \\$aBATCH-UPD$b40$c20120614$lBLL01$h2141
=CAT  \\$aIPL-CLA$c20120629$lBLL01$h1029
=CAT  \\$aBATCH-CLA$b00$c20121109$lBLL01$h1737
=CAT  \\$a8323$b40$c20121219$lBLL01$h0840
=CAT  \\$aBLDSS-3PM$b00$c20141208$lBLL01$h1624
=CAT  \\$aBATCH-UPD$b00$c20151119$lBLL01$h1603
=CAT  \\$aIPL-CLA$c20151231$lBLL01$h1918
=CAT  \\$aBATCH-UPD$b00$c20161122$lBLL01$h1542
=CAT  \\$aBATCH-UPD$b00$c20161122$lBLL01$h1818
=CAT  \\$aIPL-CLA$c20161230$lBLL01$h2107
=CAT  \\$a5552$b40$c20190114$lBLL01$h1212
=CAT  \\$aBATCH-UPD$b40$c20191122$lBLL01$h1921
=CAT  \\$aIPL-CLA$c20191231$lBLL01$h1918
=CAT  \\$aBATCH-UPD$b00$c20201118$lBLL01$h1354
=CAT  \\$a12654$b40$c20201119$lBLL01$h1429
=CAT  \\$aIPL-CLA$c20201231$lBLL01$h1527
=CAT  \\$aDEL-3PM$c20210112$lBLL01$h1249
=CAT  \\$a10806$b40$c20211217$lBLL01$h0823
=CAT  \\$a10806$b40$c20211217$lBLL01$h0834
=CAT  \\$a10806$b40$c20211217$lBLL01$h1439
=CAT  \\$aBATCH-CLA$b00$c20221130$lBLL01$h1437
=CAT  \\$aIPL-CLA$c20221231$lBLL01$h1444
=CAT  \\$aBATCH-CLA$b00$c20230209$lBLL01$h1525
=CAT  \\$aIPL-CLA$c20230209$lBLL01$h2336
=CFI  0\$aCurrent Copyright Fee: GBP25.00$c0$e09-feb-2023$fGBP25.00$g0$hC$5Uk
=CFI  2\$aBritish Library not licensed to copy$c0$e01-jan-2023$hC$iCFP Excluded$5Uk
=FIN  \\$aY
=FMT  \\$a  SE
=LAS  \\$aIPL-CLA$b00$c20230209$lBLL01$h2336
=LEO  \\$aMP10.0000389266
=LEO  \\$aMP1.0003990724
=SRC  \\$aDSS01$bbibmp10.200404.2.aa
=SRC  \\$aBLS01$bbibmp1.200404.2.ae
=TCO  \\$aCLA$bCLA$c008
=TOC  \\$aETOC

