=LDR  04628cas a2201165 a 4500
=001  012420044
=003  Uk
=005  20211231154133.0
=007  ta
=008  950612c19809999ne\zr\p\\\\\\\0\\\a0eng\\
=015  \\$aGB8031608$2bnb
=019  y\$aB8031608
=019  9\$ab8031608
=019  0\$as506581004
=019  c\$a2114637
=022  0\$a0197-0186
=040  \\$aUk$cUk$dUk
=050  00$aQP356.3
=082  04$a612.804205$223
=084  \\$aKK 33$2blsrissc
=210  0\$aNeurochem. int.
=222  \0$aNeurochemistry international
=245  00$aNeurochemistry international.
=246  13$aNCI,$f<Oct. 2014- >
=260  \\$aOxford :$bPergamon,$c1980-
=264  31$aAmsterdam :$bElsevier
=300  \\$billustrations (black and white, and colour) ;$c25-28 cm
=310  \\$aSixteen issues yearly,$b2004-
=321  \\$aFourteen issues yearly,$b-2003
=336  \\$atext$2rdacontent
=337  \\$aunmediated$2rdamedia
=338  \\$avolume$2rdacarrier
=362  1\$aBegan in 1980.
=540  \\$aCurrent copyright fee: GBP34.30$c5\1$5Uk
=588  \\$aLatest issue consulted: volume 76 (October 2014).
=595  \\$aSEE ALSO SERIAL RECORDS SHIRL.
=650  \0$aNeurochemistry$vPeriodicals.
=770  0\$tNeurochemistry international. Supplement$x1359-5032
=776  08$iAlso issued online as:$tNeurochemistry international (Online)$x1872-9754
=852  71$aBritish Library$bSTI$k(P)$hKK 33$m-E(11)$2blsrissc$3Vol. 1 (1980)-v. 81 (Feb.2015)***Title now taken as electronic copy
=852  41$aBritish Library$bDSC$j6081.317000$3Vol. 1 (1980)-v. 55, no. 8 (2009)***UKRR Retained Title
=856  \\$31850-9999$uhttp://www.elsevier.com/journals$xBLDSS
=945  \\$aNEUROCHEMISTRY INTERNATIONAL
=959  \\$fHeld but not currently received
=963  \\$aVOL. 1, 1980- *A=1$bN$cU
=985  \\$aISSN responsibility taken by ISSN Netherlands, December 17 2014.
=985  \\$aRecord merged by DQ team
=A02  \\$a2114637
=ACF  \\$aPrevious copyright fee: GBP19.00$c5\5$e01-jan-2008$fGBP19.00$g0$hP$5Uk
=ACF  \\$aPrevious copyright fee: GBP18.00$c5\5$e01-apr-2004$fGBP18.00$g0$hP$5Uk
=ACF  \\$aCurrent copyright fee: GBP20.00$c5\5$e01-jan-2003$fGBP20.00$g0$hP$5Uk
=ACF  \\$aCurrent copyright fee: GBP15.00$c5\5$e01-jul-2002$fGBP15.00$g0$hP$5Uk
=ACF  \\$aPrevious copyright fee: GBP20.00$c5\1$e01-jan-2009$fGBP20.00$g0$hP$5Uk
=ACF  \\$aPrevious copyright fee: GBP21.00$c5\1$e01-jan-2012$fGBP21.00$g0$hP$5Uk
=ACF  \\$aPrevious copyright fee: GBP22.50$c5\1$e01-jan-2013$fGBP22.50$g0$hP$5Uk
=ACF  \\$aPrevious copyright fee: GBP23.40$c5\1$e01-jan-2018$fGBP23.40$g0$hP$5Uk
=CAT  \\$aCONV$b00$c20040425$lBLL90$h0707
=CAT  \\$aBATCH$b00$c20091214$lBLL01$h0840
=CAT  \\$aBATCH$b00$c20091216$lBLL01$h0214
=CAT  \\$a8874$b40$c20110624$lBLL01$h1032
=CAT  \\$aWR11_155$c20111021$lBLL01$h1325
=CAT  \\$aWR11_155$c20111114$lBLL01$h1646
=CAT  \\$aBATCH-UPD$b00$c20111123$lBLL01$h1852
=CAT  \\$aIPL-CLA$c20111230$lBLL01$h2009
=CAT  \\$aBATCH-CLA$b00$c20121109$lBLL01$h1736
=CAT  \\$aBATCH-UPD$b00$c20121121$lBLL01$h1655
=CAT  \\$aIPL-CLA$c20121231$lBLL01$h1308
=CAT  \\$aIPL-CLA$c20130102$lBLL01$h1724
=CAT  \\$aWR13.005$c20130323$lBLL01$h1504
=CAT  \\$a11315$b40$c20131002$lBLL01$h1302
=CAT  \\$aWR14_140$c20140905$lBLL01$h1759
=CAT  \\$a8323$b40$c20141103$lBLL01$h1327
=CAT  \\$a11313$b40$c20141217$lBLL01$h1412
=CAT  \\$aBLDSS-3PM$b00$c20141222$lBLL01$h1712
=CAT  \\$a10806$b40$c20150507$lBLL01$h1455
=CAT  \\$aBATCH-UPD$b40$c20170304$lBLL01$h1119
=CAT  \\$aBATCH-UPD$b40$c20171121$lBLL01$h1742
=CAT  \\$aIPL-CLA$c20171231$lBLL01$h1619
=CAT  \\$aBATCH-UPD$b00$c20190521$lBLL01$h1434
=CAT  \\$aIPL-CLA$c20190630$lBLL01$h1531
=CAT  \\$aBATCH-UPD$b00$c20211119$lBLL01$h1552
=CAT  \\$aIPL-CLA$c20211231$lBLL01$h1541
=CFI  0\$aCurrent copyright fee: GBP34.30$c5\1$e01-jan-2022$fGBP34.30$g0$hP$5Uk
=CFI  2\$aPrevious copyright fee: GBP32.84$c5\1$e01-jul-2019$fGBP32.84$g0$hP$5Uk
=EST  \\$a2
=FFP  \\$aY$bBLDSS-3PM
=FIN  \\$aY
=FMT  \\$a  SE
=LAS  \\$aIPL-CLA$b00$c20211231$lBLL01$h1541
=LEO  \\$aMP5.0000509106
=LEO  \\$aMP22.0000008033
=LEO  \\$aMP25.0000197194
=LEO  \\$aMP10.0000396238
=LET  \0$aNeurochemistry international (Print)
=SRC  \\$aBNB03$bbibmp5.200404.2.aa
=SRC  \\$aISN01$bbibmp22.200404.2.aa
=SRC  \\$aSRI01$bbibmp25.200404.2.aa
=SRC  \\$aDSS01$bbibmp10.200404.2.aa
=TCO  \\$aCLA$bCLA$c008
=TOC  \\$aETOC

