=LDR  05578cas a2201285 a 4500
=001  012432240
=003  Uk
=005  20221217115401.0
=006  m\\\\\o\\d\\\\\\\\
=007  cr\|||||||||||
=008  980331c19939999ne\er\pso\\\\\0\\\a0eng\c
=010  \\$a  2002238852
=015  \\$aGBB560650$2bnb
=019  c\$a102469815
=022  0\$a1464-3391$y0968-0896
=035  \\$a(OCoLC)38871123
=037  \\$aISSN_09680896$bPortico$nElsevier
=040  \\$aOH1$beng$cOH1$dOCoLC$dInU$dOCoLC$dU9S$dCPT$dGU$dUKMGB$dOCoLC$dUk
=042  \\$aukblsr
=050  \4$aQP550$b.B55
=082  04$a615.19$223
=130  0\$aBioorganic and medicinal chemistry (Online)
=210  0\$aBioorganic med. chem.$b(Online)
=222  \0$aBioorganic & medicinal chemistry$b(Online)
=245  10$aBioorganic & medicinal chemistry$h[electronic resource].
=246  3\$aBioorganic and medicinal chemistry
=260  \\$a[Oxford ;$aNew York] :$bPergamon Press
=260  3\$aAmsterdam :$bElsevier
=310  \\$aSemimonthly,$b2003-
=321  \\$aMonthly,$b1993-2002
=336  \\$atext$2rdacontent
=337  \\$acomputer$2rdamedia
=338  \\$aonline resource$2rdacarrier
=362  0\$aVol. 1, issue 1 (July 1993)-
=500  \\$aTitle from introductory page, viewed Sept. 4, 2002.
=500  \\$a"A tetrahedron publication for the rapid dissemination of critical reviews and original research communications on all aspects of bioorganic chemistry, medicinal chemistry and related disciplines."
=530  \\$aAlso issued in print.
=538  \\$aMode of access: World Wide Web.
=540  \\$aCurrent copyright fee: GBP34.30$c5\1$5Uk
=588  \\$aLatest issue consulted: volume 23, issue 11 (1 June 2015) (ScienceDirect, viewed May 7, 2015).
=650  \0$aBioorganic chemistry$vPeriodicals.
=650  \0$aPharmaceutical chemistry$vPeriodicals.
=650  \2$aBiochemistry$vPeriodicals.
=650  \2$aChemistry, Clinical$vPeriodicals.
=650  \2$aChemistry, Organic$vPeriodicals.
=650  \6$aChimie bio-organique$xPériodiques.
=650  \6$aChimie pharmaceutique$vPériodiques.
=776  1\$tBioorganic & medicinal chemistry$x0968-0896
=852  41$aBritish Library$bDSC$j2089.325000$3Volume 4:Issue 5(1996)-Volume 25:Issue 24(2017)***See ESTAR for full holdings.
=852  41$aBritish Library$bHMNTS$jELD Digital store$3Volume 23:Issue 1(2015)-***Previous issues available in print copy
=856  \\$31850-9999$uhttp://www.elsevier.com/journals$xBLDSS
=856  40$uhttp://www.sciencedirect.com/science/journal/09680896
=859  \\$aELD$bejournal
=945  \\$aBioorganic and medicinal chemistry
=959  \\$fHeld but not currently received
=963  \\$aVOL. 1, 1993- *A=1$bY$cP379.B.557
=979  \\$aBritish Library$bDSC$j2089.325000
=985  \\$aISSN responsibility held by ISSN Netherlands. 7/5/2015
=A02  \\$a102469815
=ACF  \\$aPrevious copyright fee: GBP19.00$c5\5$e01-jan-2008$fGBP19.00$g0$hP$5Uk
=ACF  \\$aPrevious copyright fee: GBP18.00$c5\5$e01-apr-2004$fGBP18.00$g0$hP$5Uk
=ACF  \\$aCurrent copyright fee: GBP20.00$c5\5$e01-jan-2003$fGBP20.00$g0$hP$5Uk
=ACF  \\$aCurrent copyright fee: GBP15.00$c5\5$e01-jul-2002$fGBP15.00$g0$hP$5Uk
=ACF  \\$aPrevious copyright fee: GBP20.00$c5\1$e01-jan-2009$fGBP20.00$g0$hP$5Uk
=ACF  \\$aPrevious copyright fee: GBP21.00$c5\1$e01-jan-2012$fGBP21.00$g0$hP$5Uk
=ACF  \\$aPrevious copyright fee: GBP22.50$c5\1$e01-jan-2013$fGBP22.50$g0$hP$5Uk
=ACF  \\$aPrevious copyright fee: GBP23.40$c5\1$e01-jan-2018$fGBP23.40$g0$hP$5Uk
=CAT  \\$aCONV$b00$c20040425$lBLL90$h0712
=CAT  \\$aIPL-CLA$c20111230$lBLL01$h2013
=CAT  \\$aBATCH-CLA$b00$c20121109$lBLL01$h1734
=CAT  \\$aBATCH-UPD$b00$c20121121$lBLL01$h1655
=CAT  \\$aWR12_168$c20121206$lBLL01$h1814
=CAT  \\$aIPL-CLA$c20121231$lBLL01$h1308
=CAT  \\$aIPL-CLA$c20130102$lBLL01$h1725
=CAT  \\$aBATCH-CLA$b00$c20140125$lBLL01$h1309
=CAT  \\$aBATCH-CLA$c20140225$lBLL01$h2318
=CAT  \\$a8055$b40$c20141125$lBLL01$h1426
=CAT  \\$aBLDSS-3PM$b00$c20141222$lBLL01$h1712
=CAT  \\$a8055$b40$c20150210$lBLL01$h1031
=CAT  \\$a8055$b40$c20150210$lBLL01$h1033
=CAT  \\$a8311$b40$c20150429$lBLL01$h1438
=CAT  \\$a11316$b40$c20150507$lBLL01$h0949
=CAT  \\$a11316$b40$c20150507$lBLL01$h1355
=CAT  \\$aBATCH-UPD$b40$c20160519$lBLL01$h2323
=CAT  \\$aBATCH-UPD$b40$c20171121$lBLL01$h1742
=CAT  \\$aW1711-1005$c20171206$lBLL01$h1815
=CAT  \\$aIPL-CLA$c20171231$lBLL01$h1623
=CAT  \\$aW1805-0471$c20180520$lBLL01$h1137
=CAT  \\$aBATCH-UPD$b00$c20190521$lBLL01$h1434
=CAT  \\$aIPL-CLA$c20190630$lBLL01$h1531
=CAT  \\$aBATCH-UPD$b00$c20211119$lBLL01$h1552
=CAT  \\$aIPL-CLA$c20211231$lBLL01$h1541
=CAT  \\$a5410$b40$c20221217$lBLL01$h1154
=CFI  0\$aCurrent copyright fee: GBP34.30$c5\1$e01-jan-2022$fGBP34.30$g0$hP$5Uk
=CFI  2\$aPrevious copyright fee: GBP32.84$c5\1$e01-jul-2019$fGBP32.84$g0$hP$5Uk
=EST  \\$a1
=FFP  \\$aY$bBLDSS-3PM
=FIN  \\$aY
=FMT  \\$a  SE
=LAS  \\$a5410$b40$c20221217$lBLL01$h1154
=LEO  \\$aMP22.0000059414
=LEO  \\$aMP10.0000629510
=LET  \0$aBioorganic & medicinal chemistry (Electronic)
=LKR  \\$aPAR$b011101719$lBLL01$nBioorganic & medicinal chemistry (Print)$mBioorganic & medicinal chemistry (Online)$r776
=MNI  \\$a0968-0896
=SRC  \\$aISN01$bbibmp22.200404.2.aa
=SRC  \\$aDSS01$bbibmp10.200404.2.aa
=SRC  \\$aBLL02
=TCO  \\$aCLA$bCLA$c008
=TOC  \\$aETOC

