=LDR  06353cas a22014293  4500
=001  012432454
=003  Uk
=005  20211231154147.0
=006  m\\\\\o\\d\\\\\\\\
=007  cr\mnu||||||||
=008  970612c19609999enkmr\pso\\\\\0\\\a0eng\c
=010  \\$a  2007233019
=015  \\$aGBB572487$2bnb
=019  c\$a102051495
=022  0\$a1365-229X$l0009-9260
=035  \\$a(OCoLC)37104206$z(OCoLC)44868785
=037  \\$aISSN_00099260$bPortico$nElsevier
=040  \\$aF#A$beng$cF#A$dOCL$dOCLCQ$dSBH$dOCL$dFQM$dDLC$dNSD$dGUA$dTXA$dOCLCQ$dOCLCO$dTEF$dOCLCQ$dOPELS$dIUL$dBUF$dOPELS$dOCLCF$dOCLCA$dOCL$dUk
=042  \\$aukblsr
=050  14$aR895.A1$bC55
=060  \4$aW1
=082  04$a616.0757$223
=130  0\$aClinical radiology (Online)
=210  0\$aClin. radiol.$b(Oxf., Online)
=222  \0$aClinical radiology$b(Oxford. Online)
=245  10$aClinical radiology$h[electronic resource].
=260  \\$aEdinburgh :$bE. & S. Livingstone,$c1960-
=260  2\$aHarlow, Essex :$bLongman
=260  2\$a[Oxford] :$bBlackwell Science
=260  3\$aOxford :$bElsevier
=310  \\$aMonthly,$b<Aug. 1992->
=321  \\$aQuarterly,$b1960-
=321  \\$a6 no. a year,$b<July 1983->
=336  \\$atext$2rdacontent
=337  \\$acomputer$2rdamedia
=338  \\$aonline resource$2rdacarrier
=362  0\$aVol. 11, issue 1 (Jan./Oct. 1960)-
=510  0\$aChemical abstracts,$x0009-2258
=538  \\$aMode of access: World Wide Web.
=540  \\$aCurrent copyright fee: GBP34.30$c5\1$5Uk
=550  \\$a"A journal of the Royal College of Radiologists."
=550  \\$aPublished for the Royal College of Radiologists; to 1975 the Faculty of Radiologists.
=555  \\$aVol. 11-20, 1960-1969, in 1 vol. (Includes index for Faculty of Radiologists. Journal, vol. 1-10, 1949-1959).
=588  \\$aTitle from contents screen (ScienceDirect, viewed Mar. 6, 2007).
=588  \\$aLatest issue consulted: volume 70, issue 7 (July 2015) (viewed June 5, 2015).
=595  \\$aFORMERLY 4747.00 UP TO VOL. 10, 1959 SEE ALSO SERIAL RECORDS KCC/MAN USC EDULS AND ULPO.
=650  \0$aMedical radiology$vPeriodicals.
=650  \0$aRadiotherapy$vPeriodicals.
=650  12$aRadiotherapy$vPeriodicals.
=650  22$aRadiology$vPeriodicals.
=650  22$aSocieties, Medical$vPeriodicals.
=650  \7$aMedical radiology.$2fast$0(OCoLC)fst01088281
=650  \7$aRadiotherapy.$2fast$0(OCoLC)fst01088351
=655  \4$aElectronic journals.
=655  \7$aPeriodicals.$2fast$0(OCoLC)fst01411641
=710  2\$aRoyal College of Radiologists (Great Britain)
=710  2\$aFaculty of Radiologists (Great Britain)
=776  08$iAlso issued in print as:$tClinical radiology$x0009-9260
=780  00$tJournal of the Faculty of Radiologists (Online)
=787  0\$tClinical radiology extra (Online)$x1477-6804
=852  41$aBritish Library$bSTI$jELD Digital store$3Volume 70:Issue 1(2015)-***Previous issues available in print copy
=852  41$aBritish Library$bDSC$j3286.350000$3Volume 51:Part 1(1996)-Volume 64:Issue 12(2009)***See ESTAR for full holdings.***Some issues available for 2010
=856  \\$31850-9999$uhttp://www.elsevier.com/journals$xBLDSS
=856  40$uhttp://www.sciencedirect.com/science/journal/00099260
=859  \\$aELD$bejournal
=945  \\$aClinical radiology-Edinburgh-
=959  \\$fHeld but not currently received
=963  \\$aCA/M-7 1960- *A=1$bN
=985  \\$aISSN responsibility taken by ISSN Netherlands (multinational publisher), August 12 2013. ISSN UK, August 12 2013.
=A02  \\$a102051495
=ACF  \\$aPrevious copyright fee: GBP19.00$c5\9$e01-jan-2008$fGBP19.00$g0$hP$5Uk
=ACF  \\$aPrevious copyright fee: GBP18.00$c5\9$e01-apr-2004$fGBP18.00$g0$hP$5Uk
=ACF  \\$aCurrent copyright fee: GBP20.00$c5\9$e01-jan-2003$fGBP20.00$g0$hP$5Uk
=ACF  \\$aCurrent copyright fee: GBP22.50$c0$e01-jul-2002$fGBP22.50$g0$hC$5Uk
=ACF  \\$aPrevious copyright fee: GBP20.00$c5\1$e01-jan-2009$fGBP20.00$g0$hP$5Uk
=ACF  \\$aPrevious copyright fee: GBP21.00$c5\1$e01-jan-2012$fGBP21.00$g0$hP$5Uk
=ACF  \\$aPrevious copyright fee: GBP22.50$c5\1$e01-jan-2013$fGBP22.50$g0$hP$5Uk
=ACF  \\$aPrevious copyright fee: GBP23.40$c5\1$e01-jan-2018$fGBP23.40$g0$hP$5Uk
=CAT  \\$aCONV$b00$c20040425$lBLL90$h0712
=CAT  \\$aWR10_164$c20101215$lBLL01$h1510
=CAT  \\$aWR11_155$c20111021$lBLL01$h1330
=CAT  \\$aWR11_155$c20111114$lBLL01$h1647
=CAT  \\$aBATCH-UPD$b00$c20111123$lBLL01$h1852
=CAT  \\$aIPL-CLA$c20111230$lBLL01$h2013
=CAT  \\$aBATCH-CLA$b00$c20121109$lBLL01$h1734
=CAT  \\$aBATCH-UPD$b00$c20121121$lBLL01$h1655
=CAT  \\$aIPL-CLA$c20121231$lBLL01$h1309
=CAT  \\$aIPL-CLA$c20130102$lBLL01$h1726
=CAT  \\$aBATCH-CLA$b00$c20140125$lBLL01$h1313
=CAT  \\$aBATCH-CLA$c20140225$lBLL01$h2319
=CAT  \\$aBLDSS-3PM$b00$c20141222$lBLL01$h1712
=CAT  \\$a8411$b40$c20150413$lBLL01$h0940
=CAT  \\$a11205$b40$c20150605$lBLL01$h1129
=CAT  \\$a11205$b40$c20150605$lBLL01$h1134
=CAT  \\$a11205$b40$c20150605$lBLL01$h1139
=CAT  \\$a11205$b40$c20150605$lBLL01$h1150
=CAT  \\$aBATCH-UPD$b40$c20160601$lBLL01$h1058
=CAT  \\$aBATCH-UPD$b40$c20171121$lBLL01$h1742
=CAT  \\$aW1711-1005$c20171206$lBLL01$h1815
=CAT  \\$aIPL-CLA$c20171231$lBLL01$h1623
=CAT  \\$aBATCH-UPD$b00$c20190521$lBLL01$h1434
=CAT  \\$aIPL-CLA$c20190630$lBLL01$h1531
=CAT  \\$aBATCH-UPD$b00$c20211119$lBLL01$h1552
=CAT  \\$aIPL-CLA$c20211231$lBLL01$h1541
=CFI  0\$aCurrent copyright fee: GBP34.30$c5\1$e01-jan-2022$fGBP34.30$g0$hP$5Uk
=CFI  2\$aPrevious copyright fee: GBP32.84$c5\1$e01-jul-2019$fGBP32.84$g0$hP$5Uk
=EST  \\$a1
=FFP  \\$aY$bBLDSS-3PM
=FIN  \\$aY
=FMT  \\$a  SE
=LAS  \\$aIPL-CLA$b00$c20211231$lBLL01$h1541
=LEO  \\$aMP10.0000629724
=LEO  \\$aMP22.0000051920
=LET  \0$aClinical radiology (Electronic)
=LKR  \\$aPAR$b012432455$lBLL01$nClinical radiology extra (Online)$mClinical radiology (Online)$r787
=LKR  \\$aPAR$b012396474$lBLL01$nClinical radiology (Print)$mClinical radiology (Online)$r776
=MNI  \\$a0009-9260
=SID  \\$aZ39$bOCLC
=SRC  \\$aDSS01$bbibmp10.200404.2.aa
=SRC  \\$aISN01$bbibmp22.200404.2.aa
=TCO  \\$aCLA$bCLA$c008
=TOC  \\$aETOC

