=LDR  06429cas a2201357 a 4500
=001  012432571
=003  Uk
=005  20211231154149.0
=006  m\\\\\o\\d\\\\\\\\
=007  cr\|||||||||||
=008  000802c19979999ne\bx\pso\o\\\0\\\a0eng\c
=010  \\$a  2007233085
=015  \\$aGBB5G6498$2bnb
=019  c\$a102548149
=022  0\$a1476-5411$y1367-0484
=035  \\$a(OCoLC)44706287
=037  \\$aISSN_13670484$bPortico$nElsevier
=040  \\$aOCoLC$beng$cOCoLC$dOCoLC$dABAU$dViRCU$dOCoLC$dGU$dU9S$dGU$dOCoLC$dOPELS$dUk
=042  \\$aukblsr
=050  14$aRE977.C6
=082  04$a617.752305$223
=130  0\$aContact lens & anterior eye (Online)
=210  0\$aContact lens anterior eye$b(Online)
=222  \0$aContact lens and anterior eye$b(Online)
=245  10$aContact lens & anterior eye$h[electronic resource].
=246  13$aContact lens and anterior eye
=260  \\$a[Houndmills, Basingstoke, Hampshire, UK] :$bStockton Press,$c1997-
=260  2\$aBasingstoke :$bNature Publishing Group
=264  31$32002-$a[Amsterdam] :$bElsevier
=310  \\$aSix issues yearly,$b2008-
=321  \\$aFive no. a year,$b2006-2007
=321  \\$aFour no. a year,$b1997-2005
=336  \\$atext$2rdacontent
=337  \\$acomputer$2rdamedia
=338  \\$aonline resource$2rdacarrier
=362  0\$aVol. 20, issue 1 (1997)-
=500  \\$aTitle from pdf of cover (ScienceDirect, viewed Mar. 1, 2007).
=520  8\$a" ... a research-based journal covering all aspects of contact lens theory and practice, including original articles on invention and innovations, as well as the regular features of: case reports; literary reviews; editorials; instrumentation and techniques and dates of professional meetings."
=525  \\$aHas supplements.
=540  \\$aCurrent copyright fee: GBP34.30$c5\1$5Uk
=550  \\$a"Official Journal of the British Contact Lens Association."
=588  \\$aLatest issue consulted: volume 38, issue 6 (December 2015) (viewed November 18, 2015).
=595  \\$aFORMERLY 4714.93 UP TO VOL. 19, 1996.
=650  \0$aAnterior segment (Eye)$vPeriodicals.
=650  \0$aContact lenses$vPeriodicals.
=650  \6$aSegment antérieur (Œil)$vPériodiques.
=650  \6$aLentilles de contact$vPériodiques.
=710  2\$aBritish Contact Lens Association.
=776  08$iPrint version:$tContact lens & anterior eye$x1367-0484
=780  00$aBritish Contact Lens Association.$sJournal of the British Contact Lens Association$x1878-3236
=780  05$tInternational contact lens clinic (New York, N.Y. : Online)$g2001$x1879-0151
=852  41$aBritish Library$bSTI$jELD Digital store$3Volume 38:Issue 1(2015)-***Previous issues available in print copy
=852  41$aBritish Library$bDSC$j3424.971000$32002 VOL 25 PART 1-Volume 32:Issue 6(2009)***See ESTAR for full holdings.***Some issues available for 2010
=856  \\$31850-9999$uhttp://www.elsevier.com/journals$xBLDSS
=856  40$uhttp://firstsearch.oclc.org/journal=1367-0484;screen=info;ECOIP$zAddress for accessing the journal from an authorized IP address through OCLC FirstSearch Electronic Collections Online
=856  40$3ScienceDirect$uhttp://www.sciencedirect.com/science/journal/13670484
=856  40$uhttp://www.contactlensjournal.com/
=856  40$3ClinicalKey$uhttp://www.clinicalkey.com/dura/browse/journalIssue/13670484
=856  40$3ClinicalKey$uhttp://www.clinicalkey.com.au/dura/browse/journalIssue/13670484
=859  \\$aELD$bejournal
=945  \\$aContact lens and anterior eye
=959  \\$fHeld but not currently received
=963  \\$aVOL. 20, 1997- *A=1$bN$cL335.B.57
=985  \\$aISSN responsibility held by ISSN Netherlands.
=985  \\$aCorrected by MS generated file for WR# 12.018
=A02  \\$a102548149
=ACF  \\$aPrevious copyright fee: GBP19.00$c5\5$e01-jan-2008$fGBP19.00$g0$hP$5Uk
=ACF  \\$aPrevious copyright fee: GBP18.00$c5\5$e01-apr-2004$fGBP18.00$g0$hP$5Uk
=ACF  \\$aCurrent copyright fee: GBP20.00$c5\5$e01-jan-2003$fGBP20.00$g0$hP$5Uk
=ACF  \\$aCurrent copyright fee: GBP15.00$c5\5$e01-jul-2002$fGBP15.00$g0$hP$5Uk
=ACF  \\$aPrevious copyright fee: GBP20.00$c5\1$e01-jan-2009$fGBP20.00$g0$hP$5Uk
=ACF  \\$aPrevious copyright fee: GBP21.00$c5\1$e01-jan-2012$fGBP21.00$g0$hP$5Uk
=ACF  \\$aPrevious copyright fee: GBP22.50$c5\1$e01-jan-2013$fGBP22.50$g0$hP$5Uk
=ACF  \\$aPrevious copyright fee: GBP23.40$c5\1$e01-jan-2018$fGBP23.40$g0$hP$5Uk
=CAT  \\$aCONV$b00$c20040425$lBLL90$h0712
=CAT  \\$aWR11_155$c20111021$lBLL01$h1325
=CAT  \\$aWR11_155$c20111114$lBLL01$h1646
=CAT  \\$aBATCH-UPD$b00$c20111123$lBLL01$h1852
=CAT  \\$aIPL-CLA$c20111230$lBLL01$h2013
=CAT  \\$aBLSS-CORR$b00$c20120724$lBLL01$h1759
=CAT  \\$aBATCH-CLA$b00$c20121109$lBLL01$h1734
=CAT  \\$aBATCH-UPD$b00$c20121121$lBLL01$h1655
=CAT  \\$aIPL-CLA$c20121231$lBLL01$h1309
=CAT  \\$aIPL-CLA$c20130102$lBLL01$h1726
=CAT  \\$aBATCH-CLA$b00$c20140125$lBLL01$h1313
=CAT  \\$aBATCH-CLA$c20140225$lBLL01$h2319
=CAT  \\$aBLDSS-3PM$b00$c20141222$lBLL01$h1712
=CAT  \\$a8411$b40$c20150417$lBLL01$h1408
=CAT  \\$a11316$b40$c20151118$lBLL01$h0926
=CAT  \\$a11316$b40$c20151118$lBLL01$h0934
=CAT  \\$a11316$b40$c20151118$lBLL01$h0937
=CAT  \\$a11316$b40$c20151118$lBLL01$h0948
=CAT  \\$aBATCH-UPD$b40$c20160607$lBLL01$h2156
=CAT  \\$aBATCH-UPD$b40$c20171121$lBLL01$h1742
=CAT  \\$aW1711-1005$c20171206$lBLL01$h1815
=CAT  \\$aIPL-CLA$c20171231$lBLL01$h1623
=CAT  \\$aBATCH-UPD$b00$c20190521$lBLL01$h1434
=CAT  \\$aIPL-CLA$c20190630$lBLL01$h1531
=CAT  \\$aBATCH-UPD$b00$c20211119$lBLL01$h1552
=CAT  \\$aIPL-CLA$c20211231$lBLL01$h1541
=CFI  0\$aCurrent copyright fee: GBP34.30$c5\1$e01-jan-2022$fGBP34.30$g0$hP$5Uk
=CFI  2\$aPrevious copyright fee: GBP32.84$c5\1$e01-jul-2019$fGBP32.84$g0$hP$5Uk
=EST  \\$a1
=FFP  \\$aY$bBLDSS-3PM
=FIN  \\$aY
=FMT  \\$a  SE
=LAS  \\$aIPL-CLA$b00$c20211231$lBLL01$h1541
=LEO  \\$aMP22.0000068629
=LEO  \\$aMP10.0000629841
=LKR  \\$aPAR$b012406935$lBLL01$nContact lens & anterior eye (Print)$mContact lens & anterior eye (Online)$r776
=MNI  \\$a1367-0484
=SRC  \\$aISN01$bbibmp22.200404.2.aa
=SRC  \\$aDSS01$bbibmp10.200404.2.aa
=SRC  \\$aBLL02
=TCO  \\$aCLA$bCLA$c008
=TOC  \\$aETOC

