=LDR  06264cas a2201321 a 4500
=001  012433340
=003  Uk
=005  20221231144433.0
=006  m\\\\fo\\d\\\\\\\\
=007  cr\|||||||||||
=008  990827c19879999qeamx\p\o\\\\\0\\\a0eng\c
=010  \\$a  2004233458
=019  c\$a102332959
=022  \\$a1440-1711$y0818-9641
=035  \\$a(OCoLC)42256965$z(OCoLC)48245693$z(OCoLC)52317849$z(OCoLC)779687202
=037  \\$aISSN_08189641_2$bPortico$nWiley
=040  \\$aF#A$beng$cF#A$dOCLCQ$dFQM$dGUA$dOCLCQ$dUQ1$dMUQ$dSERSO$dTXA$dSERSO$dOCLCQ$dLND$dKQW$dOCLCO$dOCLCF$dUk
=042  \\$aukblsr
=050  14$aQH301$b.A8
=082  04$a616.079$223
=130  0\$aImmunology and cell biology (Online)
=222  \0$aImmunology and cell biology$b(Online)
=245  10$aImmunology and cell biology$h[electronic resource].
=260  \\$a[Adelaide, S. Aust. :$bUniversity of Adelaide],$c1987-
=260  2\$3<1998-> :$aOxford :$bBlackwell Science Pub.
=264  21$aBasingstoke :$bNature Publishing Group
=264  21$a[London] :$bSpringer Nature
=264  31$aMilton, Queensland :$bJohn Wiley & Sons Australia, Ltd
=310  \\$aTen issues a year,$b2012-
=321  \\$aEight issues a year,$b2007-2011
=321  \\$aBimonthly,$b1987-2006
=336  \\$atext$2rdacontent
=337  \\$acomputer$2rdamedia
=338  \\$aonline resource$2rdacarrier
=362  1\$aBegan with: Vol. 65, pt. 1 (Feb. 1987).
=538  \\$aMode of access: World Wide Web.
=540  \\$aCurrent Copyright Fee: GBP39.00$c35\0$5Uk
=550  \\$aOfficial journal of: Australian Society for Immunology, Feb. 1987-<Dec. 1989>; of: Australasian Society for Immunology, <Feb. 1998>-
=588  \\$aDescription based on: Vol. 65, pt. 1 (Feb. 1987); title from issue table of contents (Nature, viewed Aug. 12, 2011).
=588  \\$aLatest issue consulted: volume 96, issue 1 (January 2018) (Wiley Online Library, viewed March 14, 2018).
=595  \\$aFormerly 1808.000000 up to Volume 64 (1986). See also RMS for Volume 66 (1988).
=650  \0$aImmunology$vPeriodicals.
=650  \0$aCytology$vPeriodicals.
=710  2\$aUniversity of Adelaide.
=710  2\$aAustralian Society for Immunology.
=710  2\$aAustralasian Society for Immunology.
=776  08$iPrint version:$tImmunology and cell biology$x0818-9641
=780  00$tAustralian journal of experimental biology and medical science (Online)
=787  08$iSister journal to:$tClinical & translational immunology$x2050-0068
=852  41$aBritish Library$bDSC$j4369.702400$3jul-1998 VOL 76 PART 4-Volume 98:Issue 10(2020)***See ESTAR for full holdings.
=852  41$aBritish Library$bHMNTS$jELD Digital store$3Volume 91:Issue 1(2013)-***Previous issues available in print copy
=856  \\$31850-9999$uhttp://www.nature.com/$xBLDSS
=856  4\$uhttp://www.blackwell-synergy.com/servlet/useragent?func=showIssues&code=icb&close=1998#C1998$zLink no longer valid
=856  40$uhttp://www.nature.com/icb/archive/index.html$zOn same site with issues of earlier title
=856  40$uhttp://onlinelibrary.wiley.com/journal/10.1111/(ISSN)1440-1711
=859  \\$aELD$bejournal
=945  \\$aImmunology and cell biology
=959  \\$fHeld but not currently received
=985  \\$aCONFERENCE ANALYTIC RECORDS EXIST
=985  \\$aISSN UK Centre note: responsibility transferred from ISSN Australia 3.3.17.
=985  \\$aISSN responsibility transfer to U.S. Center pending (Richard, 14/03/18)
=ACF  \\$aPrevious Copyright Fee: GBP16.60$c16\0$e01-jan-2007$fGBP16.60$g0$hP$5Uk
=ACF  \\$aPrevious copyright fee: GBP22.00$c10\0$e01-jan-2006$fGBP22.00$g0$hP$5Uk
=ACF  \\$aPrevious copyright fee: GBP15.00$c10\0$e01-apr-2004$fGBP15.00$g0$hP$5Uk
=ACF  \\$aCurrent copyright fee: GBP13.00$c10\0$e01-apr-2003$fGBP13.00$g0$hP$5Uk
=ACF  \\$aCurrent copyright fee: GBP13.00$c10\3$e01-jan-2002$fGBP13.00$g0$hP$5Uk
=ACF  \\$aPrevious copyright fee: GBP17.50$c16\0$e01-jan-2009$fGBP17.50$g0$hP$5Uk
=ACF  \\$aPrevious copyright fee: GBP24.00$c16\0$e01-jan-2018$fGBP24.00$g0$hP$5Uk
=ACF  \\$aPrevious copyright fee: GBP22.00$c16\0$e01-oct-2010$fGBP22.00$g0$hP$5Uk
=ACF  \\$aPrevious copyright fee: GBP24.00$c35\0$e29-jan-2018$fGBP24.00$g0$hP$5Uk
=ACF  \\$aPrevious copyright fee: GBP28.00$c35\0$e01-jan-2019$fGBP28.00$g0$hP$5Uk
=CAT  \\$aCONV$b00$c20040425$lBLL90$h0713
=CAT  \\$aBATCH-UPD$b00$c20160527$lBLL01$h0842
=CAT  \\$a10973$b40$c20170221$lBLL01$h1348
=CAT  \\$a10973$b40$c20170303$lBLL01$h1038
=CAT  \\$a14412$b40$c20171113$lBLL01$h0840
=CAT  \\$a14412$b40$c20171113$lBLL01$h0841
=CAT  \\$aBATCH-UPD$b40$c20171121$lBLL01$h1636
=CAT  \\$aW1711-1005$c20171206$lBLL01$h1815
=CAT  \\$aIPL-CLA$c20171231$lBLL01$h1623
=CAT  \\$a5552$b40$c20180129$lBLL01$h1337
=CAT  \\$aBATCH-UPD$b40$c20180131$lBLL01$h0100
=CAT  \\$a12654$b40$c20180201$lBLL01$h0852
=CAT  \\$a10983$b40$c20180219$lBLL01$h1432
=CAT  \\$aBATCH-UPD$b40$c20180219$lBLL01$h1744
=CAT  \\$a10806$b40$c20180314$lBLL01$h1201
=CAT  \\$a10806$b40$c20180314$lBLL01$h1202
=CAT  \\$a10806$b40$c20180314$lBLL01$h1203
=CAT  \\$a8055$b40$c20180622$lBLL01$h1219
=CAT  \\$aBATCH-UPD$b40$c20181121$lBLL01$h1620
=CAT  \\$aIPL-CLA$c20181231$lBLL01$h1540
=CAT  \\$aR1911-0245$c20191127$lBLL01$h0822
=CAT  \\$aR1911-0245$c20191127$lBLL01$h1045
=CAT  \\$aIPL-CLA$c20191231$lBLL01$h1922
=CAT  \\$a12654$b40$c20210203$lBLL01$h1117
=CAT  \\$a8055$b40$c20221230$lBLL01$h1043
=CAT  \\$aIPL-CLA$c20221231$lBLL01$h1444
=CFI  0\$aCurrent Copyright Fee: GBP39.00$c35\0$e01-jan-2023$fGBP39.00$g0$hP$5Uk
=CFI  2\$aPrevious Copyright Fee: GBP32.00$c35\0$e01-jan-2020$fGBP32.00$g0$hP$5Uk
=EST  \\$a1
=FFP  \\$aY$bBLDSS-3PM
=FIN  \\$aY
=FMT  \\$a  SE
=LAS  \\$aIPL-CLA$b00$c20221231$lBLL01$h1444
=LEO  \\$aMP10.0000630610
=LKR  \\$aPAR$b009846650$lBLL01$r776$mImmunology and cell biology (Online)$nImmunology and cell biology (Print)
=MNI  \\$a0818-9641
=SID  \\$aZ39$bOCLC
=SRC  \\$aDSS01$bbibmp10.200404.2.aa
=TCO  \\$aAUS$bCAL$c008
=TCO  \\$aCLA$bCLA$c008
=TOC  \\$aETOC
=UNO  \\$aY

