=LDR  05409cas a2201237 a 4500
=001  012433479
=003  Uk
=005  20221231144433.0
=006  m\\\\\o\\d\\\\\\\\
=007  cr\mnu||||||||
=008  040410c19899999nyubx\p\o\\\\\0\\\a0eng\\
=019  c\$a102406284
=022  0\$a1476-5489
=037  \\$a???$bSpringer
=040  \\$aUk$cUk$dUk
=042  \\$aukblsr
=082  04$a616.692$222
=130  0\$aInternational journal of impotence research (Online)
=210  0\$aInt. j. impot. res.$b(Online)
=222  \0$aInternational journal of impotence research$b(Online)
=245  10$aInternational journal of impotence research$h[electronic resource].
=260  \\$a[Houndmills, Basingstoke, Hampshire, UK] :$bStockton Press
=264  31$a[New York, NY] :$bSpringer Nature
=300  \\$av.
=310  \\$a6 times a year, b <2004->
=321  \\$aFour times a year
=336  \\$atext$2rdacontent
=337  \\$acomputer$2rdamedia
=338  \\$aonline resource$2rdacarrier
=362  1\$aPrint began with vol. 1, no. 1 (Aug. 1989).
=500  \\$aPublished <2005->: Nature Pub. Group.
=530  \\$aAlso issued in print.
=538  \\$aMode of access: World Wide Web.
=540  \\$aCurrent copyright fee: GBP34.95$c16\0$5Uk
=550  \\$aIssued by: International Society for Impotence Research.
=588  \\$aLatest issue consulted: volume 29, number 2 (March/April 2017) (Publisher's website viewed, May 03, 2017).
=595  \\$aSEE ALSO CARD INDEX.
=650  \0$aImpotence$vPeriodicals.
=710  2\$aInternational Society for Impotence Research.
=776  1\$tInternational journal of impotence research$x0955-9930
=852  41$aBritish Library$bHMNTS$jELD Digital store$3Volume 30:Issue 1(2018)-
=852  41$aBritish Library$bDSC$j4542.302700$3Volume 12:Issue 1(2000)-***See ESTAR for full holdings.
=856  \\$31850-9999$uhttp://www.nature.com/$xBLDSS
=856  40$uhttp://www.nature.com/ijir/index.html
=859  \\$aELD$bejournal
=945  \\$aINTERNATIONAL JOURNAL OF IMPOTENCE RESEARCH.
=959  \\$fCurrently received
=963  \\$aCA/M-7 VOL. 9, 1997- *A=1$bN
=985  \\$aCorrected by MS generated file for WR# 12.018
=985  \\$aISSN UK Centre note: responsibility transferred to US Center 31.5.19.
=A02  \\$a102406284
=ACF  \\$aPrevious copyright fee: GBP16.60$c16\0$e01-jan-2007$fGBP16.60$g0$hP$5Uk
=ACF  \\$aPrevious copyright fee: GBP16.22$c16\0$e01-oct-2006$fGBP16.22$g0$hP$5Uk
=ACF  \\$aPrevious copyright fee: GBP17.14$c16\0$e01-apr-2006$fGBP17.14$g0$hP$5Uk
=ACF  \\$aPrevious copyright fee: GBP16.67$c16\0$e01-jan-2006$fGBP16.67$g0$hP$5Uk
=ACF  \\$aPrevious copyright fee: GBP16.22$c16\0$e01-apr-2005$fGBP16.22$g0$hP$5Uk
=ACF  \\$aPrevious copyright fee: GBP16.67$c16\0$e01-jan-2005$fGBP16.67$g0$hP$5Uk
=ACF  \\$aPrevious copyright fee: GBP13.51$c16\0$e01-apr-2004$fGBP13.51$g0$hP$5Uk
=ACF  \\$aCurrent copyright fee: GBP14.71$c16\0$e01-jan-2004$fGBP14.71$g0$hP$5Uk
=ACF  \\$aCurrent copyright fee: GBP15.63$c16\0$e01-jan-2003$fGBP15.63$g0$hP$5Uk
=ACF  \\$aPrevious copyright fee: GBP10.50$c0$e01-jan-2011$fGBP10.50$g0$hA$5Uk
=ACF  \\$aPrevious Copyright Fee: GBP18.00$c0$e01-oct-2013$fGBP18.00$g0$hC$5Uk
=ACF  \\$aPrevious copyright fee: GBP12.00$c0$e01-jan-2012$fGBP12.00$g0$hA$5Uk
=ACF  \\$aPrevious Copyright Fee: GBP22.00$c16\0$e22-mar-2016$fGBP22.00$g0$hP$5Uk
=CAT  \\$aCONV$b00$c20040425$lBLL90$h0713
=CAT  \\$aBATCH$b00$c20091210$lBLL01$h2330
=CAT  \\$aBATCH$b00$c20091214$lBLL01$h0842
=CAT  \\$aBATCH$b00$c20091216$lBLL01$h0216
=CAT  \\$aBATCH-UPD$b00$c20100818$lBLL01$h1551
=CAT  \\$aIPL-CLA$c20100930$lBLL01$h1523
=CAT  \\$aWR10_164$c20101215$lBLL01$h1510
=CAT  \\$aBATCH-UPD$b00$c20120614$lBLL01$h2142
=CAT  \\$aBLSS-CORR$b00$c20120724$lBLL01$h1759
=CAT  \\$aBATCH-CLA$b00$c20121109$lBLL01$h1734
=CAT  \\$aWR13.005$c20130323$lBLL01$h1510
=CAT  \\$a8456$b40$c20130814$lBLL01$h1346
=CAT  \\$aBATCH-CLA$b00$c20130830$lBLL01$h1631
=CAT  \\$aIPL-CLA$c20130930$lBLL01$h1740
=CAT  \\$aBATCH-CLA$b00$c20140125$lBLL01$h1309
=CAT  \\$a12240$b40$c20140227$lBLL01$h0818
=CAT  \\$a5552$b40$c20160322$lBLL01$h0835
=CAT  \\$aBLDSS-3PM$b00$c20160329$lBLL01$h1140
=CAT  \\$aBATCH-UPD$b00$c20160715$lBLL01$h1132
=CAT  \\$a10973$b40$c20170503$lBLL01$h1001
=CAT  \\$aBATCH-UPD$b40$c20171121$lBLL01$h1636
=CAT  \\$aIPL-CLA$c20171231$lBLL01$h1623
=CAT  \\$a14586$b40$c20180115$lBLL01$h1736
=CAT  \\$a10973$b40$c20190531$lBLL01$h1426
=CAT  \\$aBATCH-UPD$b40$c20221121$lBLL01$h1331
=CAT  \\$aIPL-CLA$c20221231$lBLL01$h1444
=CFI  0\$aCurrent copyright fee: GBP34.95$c16\0$e01-jan-2023$fGBP34.95$g0$hP$5Uk
=CFI  2\$aPrevious copyright fee: GBP24.00$c16\0$e01-jan-2018$fGBP24.00$g0$hP$5Uk
=EST  \\$a1
=FFP  \\$aY$bBLDSS-3PM
=FIN  \\$aY
=FMT  \\$a  SE
=LAS  \\$aIPL-CLA$b00$c20221231$lBLL01$h1444
=LEO  \\$aMP22.0000068636
=LEO  \\$aMP10.0000630749
=LKR  \\$aPAR$b010815753$lBLL01$r7761$mInternational journal of impotence research (Online)$nInternational journal of impotence research
=MNI  \\$a0955-9930
=SRC  \\$aISN01$bbibmp22.200404.2.aa
=SRC  \\$aDSS01$bbibmp10.200404.2.aa
=TCO  \\$aCLA$bCLA$c008
=TOC  \\$aETOC
=UNO  \\$aY

