=LDR  05144cas a2201177 a 4500
=001  012434234
=003  Uk
=005  20230314104900.0
=006  m\\\\fo\\d\\\\\\\\
=007  cr\un|||||||||
=008  040410c19949999enk\x\pso\\\\\0\\\a0eng\\
=015  \\$aGBB350753$2bnb
=019  c\$a102513435
=022  \\$a1439-0469$y0947-5745
=037  3\$aISSN_14390469_33$bPortico$nHindawi
=037  \\$aISSN_09475745$bPortico$nWiley
=040  \\$aUk$cUk$dUk
=041  0\$aeng$afre$ager
=042  \\$aukblsr
=082  04$a578.012$221
=130  0\$aJournal of zoological systematics and evolutionary research (Online)
=222  \0$aJournal of zoological systematics and evolutionary research$b(Internet)
=245  10$aJournal of zoological systematics and evolutionary research$h[electronic resource] =$bZeitschrift für zoologische Systematik und Evolutionsforschung.
=246  31$aZeitschrift für zoologische Systematik und Evolutionsforschung
=260  \\$a[Berlin, Germany] :$bBlackwell Science
=264  31$32022-$a[London] :$bHindawi
=310  \\$aFrequency of update varies,$b2022-
=321  \\$aQuarterly
=336  \\$atext$2rdacontent
=337  \\$acomputer$2rdamedia
=338  \\$aonline resource$2rdacarrier
=362  1\$aPrint began with vol. 32 (3) (Sept. 1994).
=515  \\$aArticles added throughout the year and compiled into annual volumes.
=530  \\$aAlso issued in print.
=538  \\$aMode of access: World Wide Web.
=540  \\$aCurrent Copyright Fee: GBP39.00$c35\0$5Uk
=546  \\$aEnglish, French, and German.
=588  \\$aLatest issue consulted: volume 2022, article ID 8488412 (viewed December 01, 2022).
=595  \\$aFORMERLY 9496.5 UP TO VOL. 32(2), 1994 SEE ALSO 9465.5 FOR SRIS HOLDINGS.
=650  \0$aAnimals$vClassification$vPeriodicals.
=650  \0$aZoology$vPeriodicals.
=650  \0$aEvolution$vPeriodicals.
=776  1\$tJournal of zoological systematics and evolutionary research$x0947-5745
=852  41$aBritish Library$bSTI$jELD Digital store$3Volume 51:Number 1(2013:Feb.)-***Previous issues available in print copy
=852  41$aBritish Library$bDSC$j5072.780700$3Volume 1:Issue 1/2(2014)-Volume 52:Issue 4(2014)***See ESTAR for full holdings.
=856  \\$31850-9999$uhttp://onlinelibrary.wiley.com/$xBLDSS
=856  40$3Archive$uhttps://onlinelibrary.wiley.com/loi/14390469/
=856  40$32022-$uhttps://www.hindawi.com/journals/jzs/
=859  \\$aELD$bejournal
=945  \\$aJOURNAL OF ZOOLOGICAL SYSTEMATICS AND EVOLUTIONARY RESEARCH.
=959  \\$fHeld but not currently received
=963  \\$aCA/U-2 VOL. 32(3), 1994- *A=1$bN
=985  \\$aCorrected by BSS-generated file for WR# 08/157
=985  \\$aUpgraded by BSS-generated file for WR2011-1473
=985  \\$aISSN responsibility decision pending 01/12/22.
=A02  \\$a102513435
=ACF  \\$aCurrent copyright fee: GBP13.00$c10\0$e01-apr-2003$fGBP13.00$g0$hP$5Uk
=ACF  \\$aCurrent copyright fee: GBP13.00$c10\1$e01-jan-2002$fGBP13.00$g0$hP$5Uk
=ACF  \\$aPrevious copyright fee: GBP15.00$c10\0$e01-apr-2004$fGBP15.00$g0$hP$5Uk
=ACF  \\$aPrevious copyright fee: GBP22.00$c10\0$e01-jan-2006$fGBP22.00$g0$hP$5Uk
=ACF  \\$aPrevious copyright fee: GBP24.00$c10\0$e01-mar-2015$fGBP24.00$g0$hP$5Uk
=ACF  \\$aPrevious copyright fee: GBP24.00$c35\0$e07-mar-2017$fGBP24.00$g0$hP$5Uk
=CAT  \\$aCONV$b00$c20040425$lBLL90$h0713
=CAT  \\$aBATCH-PORT$c20130829$lBLL01$h1114
=CAT  \\$aBATCH-CLA$b00$c20140125$lBLL01$h1308
=CAT  \\$aWR14_009$c20140204$lBLL01$h2342
=CAT  \\$aBATCH-CLA$c20140225$lBLL01$h2320
=CAT  \\$aBLDSS-3PM$b00$c20141214$lBLL01$h1521
=CAT  \\$aBATCH-UPD$b00$c20150215$lBLL01$h1624
=CAT  \\$aIPL-CLA$c20150228$lBLL01$h2046
=CAT  \\$aCDS15-UPD$b40$c20150918$lBLL01$h1639
=CAT  \\$aBATCH-UPD$b40$c20160519$lBLL01$h2205
=CAT  \\$aW1703-0316$c20170306$lBLL01$h1823
=CAT  \\$aW1703-0316$c20170307$lBLL01$h1647
=CAT  \\$aIPL-CLA$c20170307$lBLL01$h1824
=CAT  \\$aW1711-1005$c20171206$lBLL01$h1816
=CAT  \\$aBATCH-UPD$b00$c20180219$lBLL01$h1745
=CAT  \\$aBATCH-UPD$b00$c20181121$lBLL01$h1621
=CAT  \\$aIPL-CLA$c20181231$lBLL01$h1540
=CAT  \\$aR1911-0245$c20191127$lBLL01$h0944
=CAT  \\$aR1911-0245$c20191127$lBLL01$h1045
=CAT  \\$aIPL-CLA$c20191231$lBLL01$h1922
=CAT  \\$aW2011-1473$b00$c20201124$lBLL01$h1853
=CAT  \\$a15190$b40$c20220324$lBLL01$h1021
=CAT  \\$a15190$b40$c20220324$lBLL01$h1033
=CAT  \\$a10983$b40$c20220930$lBLL01$h1402
=CAT  \\$a10969$b40$c20221201$lBLL01$h1314
=CAT  \\$a10806$b40$c20230314$lBLL01$h1049
=CFI  0\$aCurrent Copyright Fee: GBP39.00$c35\0$e01-jan-2020$fGBP39.00$g0$hP$5Uk
=CFI  2\$aPrevious copyright fee: GBP28.00$c35\0$e01-jan-2019$fGBP28.00$g0$hP$5Uk
=EST  \\$a1
=FFP  \\$aY$bBLDSS-3PM
=FIN  \\$aY
=FMT  \\$a  SE
=LAS  \\$a10806$b40$c20230314$lBLL01$h1049
=LEO  \\$aMP10.0000631504
=MNI  \\$a0947-5745
=SRC  \\$aDSS01$bbibmp10.200404.2.aa
=TCO  \\$aDEU$bVG WORT$c008
=TOC  \\$aETOC
=UNO  \\$aY

