=LDR  05069cas a2201213 i 4500
=001  012434251
=003  Uk
=005  20230121183526.0
=006  m\\\\\o\\d\\\\\\\\
=007  cr\cnu||||||||
=008  020513c20029999enkmr\pso\\\\\0\\\a0eng\c
=010  \\$a  2005264516
=015  \\$aGBB566855$2bnb
=019  c\$a103001334
=022  0\$a1474-4465
=035  \\$a(OCoLC)49776816$z(OCoLC)60648735
=037  \\$aISSN_14744422$bPortico$nElsevier
=040  \\$aOUN$beng$cOUN$dNLM$dVAM$dOCLCQ$dSBH$dOCLCQ$dU9S$dGUA$dOCLCQ$dTEF$dOCLCQ$dOCLCO$dPFM$dOPELS$dOCLCF$dOCLCO$dUk
=042  \\$apcc$aukblsr
=050  \4$aRC346$b.L36
=082  04$a616.805$223
=130  0\$aLancet neurology (Online)
=222  \0$aLancet neurology$b(Online)
=245  14$aThe Lancet neurology$h[electronic resource].
=246  30$aNeurology
=264  \1$a[Amsterdam]:$bElsevier,$c2002-
=310  \\$aMonthly
=336  \\$atext$2rdacontent
=337  \\$acomputer$2rdamedia
=338  \\$aonline resource$2rdacarrier
=362  0\$aVol. 1, issue 1 (May 2002)-
=540  \\$aCurrent copyright fee: GBP34.30$c5\1$5Uk
=588  \\$aTitle from available issues screen (ScienceDirect, viewed May 26, 2015).
=588  \\$aLatest issue consulted: volume 14, issue 6 (June 2015).
=650  \0$aNeurology$vPeriodicals.
=650  \2$aNeurology$vPeriodicals.
=650  \2$aNervous System Diseases$vPeriodicals.
=650  \6$aNeurologie$xPériodiques.
=650  \7$aNeurology.$2fast$0(OCoLC)fst01036390
=655  \4$aElectronic journals.
=655  \7$aPeriodicals.$2fast$0(OCoLC)fst01411641
=776  08$iPrint version:$tLancet neurology$x1474-4422
=852  41$aBritish Library$bSTI$jELD Digital store$3Volume 14:Issue 1(2015:Jan.)-***Previous issues available in print copy
=852  41$aBritish Library$bDSC$j5146.084000$32002 VOL 1 PART 1-Volume 16:Issue 12(2017)***See ESTAR for full holdings.
=856  40$uhttp://www.thelancet.com/journals/laneur
=856  \\$31850-9999$uhttp://www.elsevier.com/journals$xBLDSS
=856  40$uhttp://www.sciencedirect.com/science/journal/14744422
=859  \\$aELD$bejournal
=945  \\$aLANCET NEUROLOGY.
=959  \\$fHeld but not currently received
=979  \\$aBritish Library$bDSC$j5146.084000
=985  \\$aISSN note: responsibility for ISSN transferred to Netherlands under multinational publisher agreement.
=A02  \\$a103001334
=ACF  \\$aPrevious copyright fee: GBP19.00$c5\3$e01-jan-2008$fGBP19.00$g0$hP$5Uk
=ACF  \\$aPrevious copyright fee: GBP18.00$c5\3$e01-apr-2004$fGBP18.00$g0$hP$5Uk
=ACF  \\$aCurrent copyright fee: GBP20.00$c5\3$e21-jan-2003$fGBP20.00$g0$hP$5Uk
=ACF  \\$aCurrent copyright fee: GBP15.00$c5\3$e01-jul-2002$fGBP15.00$g0$hP$5Uk
=ACF  \\$aPrevious copyright fee: GBP20.00$c5\1$e01-jan-2009$fGBP20.00$g0$hP$5Uk
=ACF  \\$aPrevious copyright fee: GBP21.00$c5\1$e01-jan-2012$fGBP21.00$g0$hP$5Uk
=ACF  \\$aPrevious copyright fee: GBP22.50$c5\1$e01-jan-2013$fGBP22.50$g0$hP$5Uk
=ACF  \\$aPrevious copyright fee: GBP23.40$c5\1$e01-jan-2018$fGBP23.40$g0$hP$5Uk
=CAT  \\$aCONV$b00$c20040425$lBLL90$h0713
=CAT  \\$aWR11_155$c20111114$lBLL01$h1644
=CAT  \\$aBATCH-UPD$b00$c20111123$lBLL01$h1852
=CAT  \\$aIPL-CLA$c20111230$lBLL01$h2013
=CAT  \\$aBATCH-CLA$b00$c20121109$lBLL01$h1734
=CAT  \\$aBATCH-UPD$b00$c20121121$lBLL01$h1655
=CAT  \\$aWR12_168$c20121206$lBLL01$h1814
=CAT  \\$aIPL-CLA$c20121231$lBLL01$h1309
=CAT  \\$aIPL-CLA$c20130102$lBLL01$h1727
=CAT  \\$aWR13.005$c20130323$lBLL01$h1510
=CAT  \\$aBATCH-CLA$b00$c20140125$lBLL01$h1249
=CAT  \\$aBATCH-CLA$c20140225$lBLL01$h2320
=CAT  \\$aBLDSS-3PM$b00$c20141222$lBLL01$h1713
=CAT  \\$a8311$b40$c20150422$lBLL01$h1032
=CAT  \\$a8311$b40$c20150422$lBLL01$h1034
=CAT  \\$a11315$b40$c20150526$lBLL01$h1109
=CAT  \\$aBATCH-UPD$b40$c20160520$lBLL01$h1629
=CAT  \\$aBATCH-UPD$b40$c20171121$lBLL01$h1742
=CAT  \\$aW1711-1005$c20171206$lBLL01$h1816
=CAT  \\$aIPL-CLA$c20171231$lBLL01$h1623
=CAT  \\$aW1805-0471$c20180520$lBLL01$h1138
=CAT  \\$aBATCH-UPD$b00$c20190521$lBLL01$h1434
=CAT  \\$aIPL-CLA$c20190630$lBLL01$h1532
=CAT  \\$aBATCH-UPD$b00$c20211119$lBLL01$h1552
=CAT  \\$aIPL-CLA$c20211231$lBLL01$h1542
=CAT  \\$a5410$b40$c20230121$lBLL01$h1835
=CFI  0\$aCurrent copyright fee: GBP34.30$c5\1$e01-jan-2022$fGBP34.30$g0$hP$5Uk
=CFI  2\$aPrevious copyright fee: GBP32.84$c5\1$e01-jul-2019$fGBP32.84$g0$hP$5Uk
=EST  \\$a1
=FFP  \\$aY$bBLDSS-3PM
=FIN  \\$aY
=FMT  \\$a  SE
=LAS  \\$a5410$b40$c20230121$lBLL01$h1835
=LEO  \\$aMP22.0000067115
=LEO  \\$aMP10.0000631521
=LET  \4$aThe Lancet neurology (Electronic)
=LKR  \\$aPAR$b007026852$lBLL01$r776$mLancet neurology (Online)$nLancet neurology (Print)
=MNI  \\$a1474-4422
=SID  \\$aZ39$bOCLC
=SRC  \\$aISN01$bbibmp22.200404.2.aa
=SRC  \\$aDSS01$bbibmp10.200404.2.aa
=TCO  \\$aCLA$bCLA$c008
=TOC  \\$aETOC

