=LDR  05544cas a2201237 a 4500
=001  012434492
=003  Uk
=005  20221231144442.0
=006  m\\\\\\\\d\\\\\\\\
=007  cr\|||||||||||
=008  020221c20029999enkmr\pso\\\\\0\\\a0eng\d
=010  \\$a  2009252830
=019  c\$a102611775
=022  0\$a1474-1784$z1474-5321
=035  \\$a(OCoLC)49054076
=037  \\$a???$bSpringer
=040  \\$aOCU$cOCU$dOCoLC$dCSt$dWaU$dUk
=042  \\$aukblsr
=050  14$aRM301.25
=082  04$a615.19$223
=130  0\$aNature reviews.$pDrug discovery (Online)
=210  0\$aNat. rev., Drug discov.$b(Online)
=222  \0$aNature reviews. Drug discovery$b(Online)
=245  10$aNature reviews.$pDrug discovery$h[electronic resource].
=246  30$aDrug discovery
=260  \\$aBasingstoke :$bNature Publishing Group,$c2002-
=264  31$a[New York] :$bNature Research, Springer Nature
=310  \\$aMonthly
=336  \\$atext$2rdacontent
=337  \\$acomputer$2rdamedia
=338  \\$aonline resource$2rdacarrier
=362  1\$aBegan with: Vol. 1, no. 1 (Jan. 2002).
=540  \\$aCurrent copyright fee: GBP34.95$c16\0$5Uk
=588  \\$aDescription based on: Vol. 1, no. 1 (Jan. 2002); title from table of contents (publisher's Web site, viewed June 16, 2009).
=588  \\$aLatest issue consulted: volume 18, issue 5 (May 2019) (nature.com, viewed May 30, 2019).
=650  \0$aDrugs$xResearch$vPeriodicals.
=650  \0$aDrugs$xDesign$vPeriodicals.
=650  \0$aPharmaceutical chemistry$vPeriodicals.
=776  08$iAlso issued in print:$tNature reviews. Drug discovery$x1474-1776
=852  41$aBritish Library$bHMNTS$jELD Digital store$3Volume 17:Issue 12(2018:Dec.)-
=852  41$aBritish Library$bDSC$j6047.224000$3Volume 1:Issue 1(2002)-***See ESTAR for full holdings.
=856  \\$31850-9999$uhttp://www.nature.com/$xBLDSS
=856  40$uhttp://www.nature.com/nrd/
=859  \\$aELD$bejournal
=945  \\$aNature reviews drug discovery
=959  \\$fCurrently received
=985  \\$aCorrected by MS generated file for WR# 12.018
=985  \\$aISSN UK Centre note: responsibility transferred to US ISSN Center 30.5.19.
=985  \\$aISSN UK Centre note: print version carries explicit publisher statement confirming title published by Springer Nature America imprint. Online publication statement / place of publication not as clear - US ISSN Center have taken responsibility for both ISSN.
=985  \\$aCONFERENCE ANALYTIC RECORDS EXIST
=A02  \\$a102611775
=ACF  \\$aPrevious copyright fee: GBP16.60$c16\0$e01-jan-2007$fGBP16.60$g0$hP$5Uk
=ACF  \\$aPrevious copyright fee: GBP16.22$c16\0$e01-oct-2006$fGBP16.22$g0$hP$5Uk
=ACF  \\$aPrevious copyright fee: GBP17.14$c16\0$e01-apr-2006$fGBP17.14$g0$hP$5Uk
=ACF  \\$aPrevious copyright fee: GBP16.67$c16\0$e01-jan-2006$fGBP16.67$g0$hP$5Uk
=ACF  \\$aPrevious copyright fee: GBP16.22$c16\0$e01-apr-2005$fGBP16.22$g0$hP$5Uk
=ACF  \\$aPrevious copyright fee: GBP16.67$c16\0$e01-jan-2005$fGBP16.67$g0$hP$5Uk
=ACF  \\$aPrevious copyright fee: GBP13.51$c16\0$e01-apr-2004$fGBP13.51$g0$hP$5Uk
=ACF  \\$aCurrent copyright fee: GBP14.71$c16\0$e01-jan-2004$fGBP14.71$g0$hP$5Uk
=ACF  \\$aCurrent copyright fee: GBP15.63$c16\0$e01-jan-2003$fGBP15.63$g0$hP$5Uk
=ACF  \\$aPrevious copyright fee: GBP17.50$c16\0$e01-jan-2009$fGBP17.50$g0$hP$5Uk
=ACF  \\$aPrevious copyright fee: GBP22.00$c16\0$e01-oct-2010$fGBP22.00$g0$hP$5Uk
=CAT  \\$aCONV$b00$c20040425$lBLL90$h0713
=CAT  \\$aBATCH-UPD$b00$c20081209$lBLL01$h1454
=CAT  \\$aBATCH-UPD$b00$c20081231$lBLL01$h2312
=CAT  \\$aBATCH-UPD$b00$c20090101$lBLL01$h0047
=CAT  \\$aBATCH$b00$c20090101$lBLL01$h0222
=CAT  \\$aBATCH$b00$c20091210$lBLL01$h2331
=CAT  \\$aBATCH$b00$c20091214$lBLL01$h0843
=CAT  \\$aBATCH$b00$c20091216$lBLL01$h0217
=CAT  \\$aBATCH-UPD$b00$c20100818$lBLL01$h1551
=CAT  \\$aIPL-CLA$c20100930$lBLL01$h1523
=CAT  \\$a8180$b40$c20110106$lBLL01$h1021
=CAT  \\$aBLSS-CORR$b00$c20120724$lBLL01$h1759
=CAT  \\$aBATCH-CLA$b00$c20121109$lBLL01$h1734
=CAT  \\$a5552$b40$c20131016$lBLL01$h1042
=CAT  \\$a10997$b40$c20140130$lBLL01$h1102
=CAT  \\$a11316$b40$c20141008$lBLL01$h1248
=CAT  \\$a11316$b40$c20141008$lBLL01$h1251
=CAT  \\$aBLDSS-3PM$b00$c20150111$lBLL01$h1520
=CAT  \\$aBATCH-UPD$b00$c20160603$lBLL01$h1221
=CAT  \\$aBATCH-UPD$b00$c20171121$lBLL01$h1636
=CAT  \\$aIPL-CLA$c20171231$lBLL01$h1623
=CAT  \\$a9658$b40$c20180201$lBLL01$h1448
=CAT  \\$a10973$b40$c20190530$lBLL01$h1023
=CAT  \\$a10973$b40$c20211101$lBLL01$h1123
=CAT  \\$aBATCH-UPD$b40$c20221121$lBLL01$h1331
=CAT  \\$aIPL-CLA$c20221231$lBLL01$h1444
=CFI  0\$aCurrent copyright fee: GBP34.95$c16\0$e01-jan-2023$fGBP34.95$g0$hP$5Uk
=CFI  2\$aPrevious copyright fee: GBP24.00$c16\0$e01-jan-2018$fGBP24.00$g0$hP$5Uk
=EST  \\$a1
=FFP  \\$aY$bBLDSS-3PM
=FIN  \\$aY$d20141008
=FMT  \\$a  SE
=LAS  \\$aIPL-CLA$b00$c20221231$lBLL01$h1444
=LEO  \\$aMP22.0000066905
=LEO  \\$aMP10.0000631762
=LET  \0$aNature reviews. Drug discovery (Electronic)
=LKR  \\$aPAR$b007024825$lBLL01$nNature reviews. Drug discovery (Print)$mNature reviews. Drug discovery (Online)$r776
=MNI  \\$a1474-1776
=SRC  \\$aISN01$bbibmp22.200404.2.aa
=SRC  \\$aDSS01$bbibmp10.200404.2.aa
=SRC  \\$aBLL02
=TCO  \\$aCLA$bCLA$c008
=TOC  \\$aETOC
=UNO  \\$aY

