=LDR  05484cas a2201213 a 4500
=001  012435166
=003  Uk
=005  20221014102739.0
=006  m\\\\\o\\d\\\\\\\\
=007  cr\|n|||||||||
=008  040410c19489999enkbx\pso\\\\\0\\\a0eng\\
=015  \\$aGBB350881$2bnb
=019  c\$a102168591
=022  \\$a1467-9663$l0040-747X$y0040-747X
=037  \\$aISSN_0040747X$bPortico$nWiley
=040  \\$aUk$cUk$dUk
=042  \\$aukblsr
=082  04$a330.9005$221
=130  0\$aTijdschrift voor economische en sociale geografie (Online)
=210  0\$aJ. econ. soc. geogr.
=222  \0$aJournal of economic and social geography
=245  10$aTijdschrift voor economische en sociale geografie$h[electronic resource] =$bJournal of economic and social geography.
=246  31$aJournal of economic and social geography
=260  \\$a[Oxford] :$bBlackwell Publishers.
=264  31$aOxford :$bJohn Wiley & Sons Ltd.
=310  \\$aFive times a year
=321  \\$aBimonthly
=336  \\$atext$2rdacontent
=337  \\$acomputer$2rdamedia
=338  \\$aonline resource$2rdacarrier
=362  1\$aPrint began with 39. jaarg., no. 4 (apr. 15, 1948).
=538  \\$aMode of access: World Wide Web.
=540  \\$aCurrent copyright fee: GBP39.00$c35\0$5Uk
=550  \\$aPublished on behalf of The Royal Dutch Geographical Society (KNAG).
=588  \\$aLatest issue consulted: volume 112, number 1 (February 2021) (Wiley Online, viewed February 11, 2021).
=595  \\$aSEE ALSO SERIAL RECORDS KCS HUM BOD AND DOE/DT.
=650  \0$aEconomic geography$vPeriodicals.
=650  \0$aHuman geography$vPeriodicals.
=690  7\$aManagement and Business Studies$2blcoll
=710  2\$aKoninklijk Nederlands Aardrijkskundig Genootschap.
=776  08$iPrint version:$tTijdschrift voor economische en sociale geografie$x0040-747X
=852  41$aBritish Library$bHMNTS$jELD Digital store$3Volume 104:Number 1(2013)-***Previous issues available in print copy
=852  41$aBritish Library$bDSC$j8839.600000$31998 VOL 89 PART 3-Volume 102:Issue 5(2011)***See ESTAR for full holdings.
=856  \\$31850-9999$uhttp://onlinelibrary.wiley.com/$xBLDSS
=856  40$uhttp://onlinelibrary.wiley.com/journal/10.1111/(ISSN)1467-9663
=859  \\$aELD$bejournal
=945  \\$aTijdschrift voor economische en sociale geografie
=959  \\$fHeld but not currently received
=963  \\$aVOL. 40, 1949- *A=1$bY$cP690.B.60
=979  \\$aBritish Library$bDSC$j8839.600000
=985  \\$aCorrected by BSS-generated file for WR# 08/157
=985  \\$aISSN responsibility switched from UK to US - may also result in change of Key Title to match Title Proper. Also pending is minor change to parallel title to 'Journal of economic and human geography' (some time in 2021?) (Richard, 12/02/21)
=A02  \\$a102168591
=ACF  \\$aPrevious copyright fee: GBP16.00$c10\0$e01-jan-2006$fGBP16.00$g0$hP$5Uk
=ACF  \\$aPrevious copyright fee: GBP15.00$c10\0$e01-apr-2004$fGBP15.00$g0$hP$5Uk
=ACF  \\$aCurrent copyright fee: GBP13.00$c10\0$e01-apr-2003$fGBP13.00$g0$hP$5Uk
=ACF  \\$aCurrent copyright fee: GBP13.00$c10\6$e01-apr-2002$fGBP13.00$g0$hP$5Uk
=ACF  \\$aPrevious copyright fee: GBP17.00$c10\0$e01-jan-2009$fGBP17.00$g0$hP$5Uk
=ACF  \\$aPrevious copyright fee: GBP22.00$c10\0$e01-jan-2011$fGBP22.00$g0$hP$5Uk
=ACF  \\$aPrevious copyright fee: GBP24.00$c10\0$e01-mar-2015$fGBP24.00$g0$hP$5Uk
=ACF  \\$aPrevious copyright fee: GBP24.00$c35\0$e07-mar-2017$fGBP24.00$g0$hP$5Uk
=ACF  \\$aPrevious copyright fee: GBP28.00$c35\0$e01-jan-2019$fGBP28.00$g0$hP$5Uk
=CAT  \\$aCONV$b00$c20040425$lBLL90$h0713
=CAT  \\$aBATCH-CLA$b00$c20140125$lBLL01$h1249
=CAT  \\$aWR14_009$c20140204$lBLL01$h2342
=CAT  \\$aBATCH-CLA$c20140225$lBLL01$h2320
=CAT  \\$aBLDSS-3PM$b00$c20141214$lBLL01$h1521
=CAT  \\$aBATCH-UPD$b00$c20150215$lBLL01$h1624
=CAT  \\$aIPL-CLA$c20150228$lBLL01$h2047
=CAT  \\$aBATCH-UPD$b00$c20160729$lBLL01$h2107
=CAT  \\$aW1703-0316$c20170306$lBLL01$h1824
=CAT  \\$aW1703-0316$c20170307$lBLL01$h1647
=CAT  \\$aIPL-CLA$c20170307$lBLL01$h1824
=CAT  \\$aISSN$b40$c20170314$lBLL01$h1611
=CAT  \\$aW1711-1005$c20171206$lBLL01$h1816
=CAT  \\$aBATCH-UPD$b00$c20180219$lBLL01$h1745
=CAT  \\$aBATCH-UPD$b00$c20181121$lBLL01$h1621
=CAT  \\$aIPL-CLA$c20181231$lBLL01$h1540
=CAT  \\$aR1911-0245$c20191127$lBLL01$h0822
=CAT  \\$aR1911-0245$c20191127$lBLL01$h1045
=CAT  \\$aIPL-CLA$c20191231$lBLL01$h1922
=CAT  \\$a5410$b40$c20200206$lBLL01$h0905
=CAT  \\$a10806$b40$c20210211$lBLL01$h1341
=CAT  \\$a10806$b40$c20210212$lBLL01$h1006
=CAT  \\$a10806$b40$c20210216$lBLL01$h1013
=CAT  \\$aW2111-0842$c20211208$lBLL01$h1942
=CAT  \\$aIPL-CLA$c20211231$lBLL01$h1542
=CAT  \\$a5410$b40$c20221014$lBLL01$h1027
=CFI  0\$aCurrent copyright fee: GBP39.00$c35\0$e01-jan-2022$fGBP39.00$g0$hP$5Uk
=CFI  2\$aPrevious Copyright Fee: GBP32.00$c35\0$e01-jan-2020$fGBP32.00$g0$hP$5Uk
=EST  \\$a1
=FFP  \\$aY$bBLDSS-3PM
=FIN  \\$aY
=FMT  \\$a  SE
=LAS  \\$a5410$b40$c20221014$lBLL01$h1027
=LEO  \\$aMP10.0000632436
=LEO  \\$aMP22.0000062206
=MNI  \\$a0040-747X
=SRC  \\$aISN01$bbibmp22.200404.2.aa
=SRC  \\$aDSS01$bbibmp10.200404.2.aa
=TCO  \\$aNLD$bSTICHTING REPRORECHT$c008
=TCO  \\$aCLA$bCLA$c008
=TOC  \\$aETOC
=UNO  \\$aY

