=LDR  06375cas a2201417 a 4500
=001  012435258
=003  Uk
=005  20221228085803.0
=006  m\\\\\o\\d\\\\\\\\
=007  cr\|||||||||||
=008  001213c19789999maubx\pso\\\\\0\\\a0eng\c
=010  \\$a00213239
=015  \\$aGBB350776$2bnb
=019  c\$a102175289
=022  0\$a1532-950X$y0161-3499$22
=035  \\$a(OCoLC)45552058$z(OCoLC)46451631$z(OCoLC)61123373
=037  \\$aISSN_01613499$bPortico$nWiley
=040  \\$aNSD$beng$cNSD$dOCLCQ$dOCL$dOHS$dOCLCQ$dNSD$dDLC$dFQM$dCLU$dOCLCQ$dUk
=042  \\$ansdp$aUkblsr
=050  10$aISSN RECORD
=050  14$aSF911
=082  04$a636.0897$223
=130  0\$aVeterinary surgery (Online)
=210  0\$aVet. surg.$b(Online)
=222  \0$aVeterinary surgery$b(Online)
=245  10$aVeterinary surgery$h[electronic resource].
=246  13$aVS
=260  \\$a[San Diego, CA] :$bHarcourt Health Sciences
=260  2\$aOxford :$bBlackwell
=264  31$a[Oxford] :$bWiley-Blackwell
=310  \\$aEight issues a year,$b<Dec. 2007->
=321  \\$aQuarterly,$b1978-
=321  \\$aBimonthly,$b<1991->
=336  \\$atext$2rdacontent
=337  \\$acomputer$2rdamedia
=338  \\$aonline resource$2rdacarrier
=362  1\$aPrint began with vol. 7 (Jan./Mar. 1978).
=500  \\$aPublished by: Malden, MA : Blackwell Pub., 2004-.
=530  \\$aAlso issued in print.
=538  \\$aMode of access: World Wide Web.
=540  \\$aCurrent Copyright Fee: GBP32.00$c35\0$5Uk
=550  \\$aOfficial journal of the American College of Veterinary Surgeons, 1978- ; and of the American College of Veterinary Surgeons and the European College of Veterinary Surgeons, <2007->.
=580  \\$aPrint absorbed Veterinary anesthesia in 1985.
=580  \\$aIncludes issues of earlier title: Journal of veterinary sugery (Online).
=588  \\$aDescription based on: Vol. 28, no. 1 (1999); title from journal information screen (FirstSearch, viewed Nov. 12, 2004).
=588  \\$aLatest issue consulted: volume 42, issue 3 (April 2013) (Wiley Online Library, viewed May 23, 2013).
=595  \\$aFORMERLY 5072.46N.
=650  \0$aVeterinary surgery$vPeriodicals.
=650  \2$aVeterinary Medicine$vPeriodicals.
=650  \2$aSurgery$vPeriodicals.
=650  \2$aSocieties, Medical$vPeriodicals.
=710  2\$aAmerican College of Veterinary Surgeons.
=710  2\$aEuropean College of Veterinary Surgeons.
=776  08$iAlso issued in print as:$tVeterinary surgery$x0161-3499
=780  00$tJournal of veterinary surgery$c(Online)
=780  05$tVeterinary anesthesia$c(Online)
=852  41$aBritish Library$bHMNTS$jELD Digital store$3Volume 42:Issue 1(2013)-
=852  41$aBritish Library$bDSC$j9231.037000$3Volume 33:Issue 1(2004)-Volume 47:Issue 2(2018)***See ESTAR for full holdings.
=856  \\$31850-9999$uhttp://onlinelibrary.wiley.com/$xBLDSS
=856  4\$uhttp://firstsearch.oclc.org$zAddress for accessing the journal using authorization number and password through OCLC FirstSearch Electronic Collections Online
=856  4\$uhttp://firstsearch.oclc.org/journal=0161-3499;screen=info;ECOIP$zAddress for accessing the journal from an authorized IP address through OCLC FirstSearch Electronic Collections Online
=856  40$uhttp://www.blackwell-synergy.com/loi/vsu
=856  40$uhttp://www.blackwell-synergy.com/servlet/useragent?func=showIssues&code=vsu
=856  40$uhttp://www.harcourthealth.com/vetsurg
=859  \\$aELD$bejournal
=945  \\$aVeterinary surgery
=959  \\$fHeld but not currently received
=963  \\$aCA/M-4 VOL. 8, 1979- *A=1$bN
=979  \\$aBritish Library$bDSC$j9231.037000
=985  \\$aISSN UK Centre - responsibility transferred from ISSN US Centre - Jan. 2007
=985  \\$aCorrected by BSS-generated file for WR# 08/157
=985  \\$aCorrected by MS generated file for WR# 12.018
=985  \\$aCONFERENCE ANALYTIC RECORDS EXIST
=A02  \\$a102175289
=ACF  \\$aCurrent copyright fee: GBP13.00$c10\0$e01-jan-2004$fGBP13.00$g0$hP$5Uk
=ACF  \\$aCurrent copyright fee: GBP20.00$c5\9$e19-feb-2003$fGBP20.00$g0$hP$5Uk
=ACF  \\$aPrevious copyright fee: GBP15.00$c10\0$e01-apr-2004$fGBP15.00$g0$hP$5Uk
=ACF  \\$aPrevious copyright fee: GBP22.00$c10\0$e01-jan-2006$fGBP22.00$g0$hP$5Uk
=ACF  \\$aPrevious copyright fee: GBP24.00$c10\0$e01-mar-2015$fGBP24.00$g0$hP$5Uk
=ACF  \\$aPrevious copyright fee: GBP24.00$c35\0$e07-mar-2017$fGBP24.00$g0$hP$5Uk
=CAT  \\$aCONV$b00$c20040425$lBLL90$h0713
=CAT  \\$aBLSS-CORR$b00$c20120724$lBLL01$h1759
=CAT  \\$aBATCH-CLA$b00$c20121109$lBLL01$h1733
=CAT  \\$a5997$b40$c20130523$lBLL01$h1409
=CAT  \\$aWR13.114$c20130717$lBLL01$h1313
=CAT  \\$aBATCH-PORT$c20130829$lBLL01$h1114
=CAT  \\$aBATCH-CLA$b00$c20140125$lBLL01$h1312
=CAT  \\$aWR14_009$c20140204$lBLL01$h2343
=CAT  \\$aBATCH-CLA$c20140225$lBLL01$h2320
=CAT  \\$a6162$b40$c20140306$lBLL01$h1225
=CAT  \\$aBLDSS-3PM$b00$c20141214$lBLL01$h1521
=CAT  \\$aBATCH-UPD$b00$c20150215$lBLL01$h1624
=CAT  \\$aIPL-CLA$c20150228$lBLL01$h2047
=CAT  \\$aBATCH-UPD$b00$c20160525$lBLL01$h0738
=CAT  \\$aW1703-0316$c20170306$lBLL01$h1824
=CAT  \\$aW1703-0316$c20170307$lBLL01$h1647
=CAT  \\$aIPL-CLA$c20170307$lBLL01$h1824
=CAT  \\$aW1711-1005$c20171206$lBLL01$h1816
=CAT  \\$aBATCH-UPD$b00$c20180219$lBLL01$h1745
=CAT  \\$aW1805-0471$c20180520$lBLL01$h1138
=CAT  \\$aBATCH-UPD$b00$c20181121$lBLL01$h1621
=CAT  \\$aIPL-CLA$c20181231$lBLL01$h1540
=CAT  \\$aR1911-0245$c20191127$lBLL01$h0822
=CAT  \\$aR1911-0245$c20191127$lBLL01$h1045
=CAT  \\$aIPL-CLA$c20191231$lBLL01$h1922
=CAT  \\$a5410$b40$c20221228$lBLL01$h0858
=CFI  0\$aCurrent Copyright Fee: GBP32.00$c35\0$e01-jan-2020$fGBP32.00$g0$hP$5Uk
=CFI  2\$aPrevious copyright fee: GBP28.00$c35\0$e01-jan-2019$fGBP28.00$g0$hP$5Uk
=EST  \\$a1
=FFP  \\$aY$bBLDSS-3PM
=FIN  \\$aY
=FMT  \\$a  SE
=LAS  \\$a5410$b40$c20221228$lBLL01$h0858
=LEO  \\$aMP10.0000632528
=LKR  \\$aPAR$b012111579$lBLL01$nVeterinary surgery (Print)$mVeterinary surgery (Online)$r776
=MNI  \\$a0161-3499
=SID  \\$aZ39$bOCLC
=SRC  \\$aDSS01$bbibmp10.200404.2.aa
=TCO  \\$aTRS$bCCC$c008
=TOC  \\$aETOC
=UNO  \\$aY

