=LDR  04826cas a2201189 a 4500
=001  012438871
=003  Uk
=005  20220930142628.0
=006  aab\\|||||||||||||
=007  ta
=008  011003c20019999ii\fr\p\\\b\\\0\\\a0eng\\
=010  \\$a  2001358467
=019  1\$abld00H1183
=022  \\$a0972-558X$l0972-558X
=025  \\$aI-E-E-2001-358467; 68-90
=035  \\$a(OCoLC)48071727
=040  \\$aDLC$beng$cDLC$dCLU$dEYM$dDLC$dHUL$dOCLCQ$dOCLCF$dOCLCO$dDLC$dWAU$dOCLCO$dCUS$dUk
=042  \\$aukblsr
=043  \\$aa-ii---
=050  00$aGN301$b.O74
=082  04$a301.0954$223
=210  1\$aOrient. anthropol.
=222  \0$aThe oriental anthropologist
=245  04$aThe oriental anthropologist :$ba bi-annual international journal of the science of man.
=246  13$aOA
=260  \\$aAllahabad :$bOriental Institute of Cultural and Social Research,$c2001-
=260  2\$3<2013->$aNew Delhi :$bMD Publications
=264  31$aNew Delhi :$bSage Publications
=300  \\$av. :$bill. ;$c24 cm.
=310  \\$aSemiannual
=336  \\$atext$2rdacontent
=337  \\$aunmediated$2rdamedia
=338  \\$avolume$2rdacarrier
=362  0\$aVol. 1, no. 1 (Jan. 2001)-
=500  \\$aTitle from cover.
=500  \\$aSome issues have distinct titles.
=500  \\$aPublished: Delhi, India : Serials Publications, July 2001-
=540  \\$aCurrent copyright fee: GBP32.82$c19\0$5Uk
=588  \\$aLatest issue consulted: Volume 21, issue 1 (June 2021).
=595  \\$aSEE CARD INDEX.
=650  \0$aEthnology$vPeriodicals.
=650  \0$aEthnology$zIndia$vPeriodicals.
=650  \7$aEthnology.$2fast$0(OCoLC)fst00916106
=651  \7$aIndia.$2fast$0(OCoLC)fst01210276
=655  \7$aPeriodicals.$2fast$0(OCoLC)fst01411641
=710  2\$aOriental Institute of Cultural and Social Research (Allahabad, India)
=776  08$iOnline resource:$tOriental anthropologist$x0976-3430
=852  41$aBritish Library$bHMNTS$jZA.9.a.11392$3Vol. 1, no. 1 (Jan. 2001)-
=856  \\$31850-9999$uhttp://www.uk.sagepub.com/home.nav$xBLDSS
=856  41$uhttp://search.ebscohost.com/direct.asp?db=a9h&jid=B8GL&scope=site
=945  \\$aOriental anthropologist.
=957  \\$a011101p
=979  \\$aBritish Library$bDSC$j6291.159750N$xNot selected
=985  \\$aRecord merged by DQ team
=985  \\$aISSN responsibility transfer from India to UK pending (Richard, 02/11/21)
=A02  \\$a1342974$z142974
=ACF  \\$aPrevious copyright fee: GBP27.69$c19\0$e08-jan-2019$fGBP27.69$g0$hP$5Uk
=ACF  \\$aPrevious copyright fee: GBP29.08$c19\0$e01-jul-2019$fGBP29.08$g0$hP$5Uk
=ACF  \\$aPrevious copyright fee: GBP30.24$c19\0$e01-oct-2019$fGBP30.24$g0$hP$5Uk
=ACF  \\$aPrevious copyright fee: GBP30.29$c19\0$e01-apr-2020$fGBP30.29$g0$hP$5Uk
=ACF  \\$aPrevious copyright fee: GBP31.50$c19\0$e01-jul-2020$fGBP31.50$g0$hP$5Uk
=ACF  \\$aPrevious copyright fee: GBP29.17$c19\0$e01-apr-2021$fGBP29.17$g0$hP$5Uk
=ACF  \\$aPrevious copyright fee: GBP28.13$c19\0$e07-jul-2021$fGBP28.13$g0$hP$5Uk
=CAT  \\$aCONV$b00$c20040425$lBLL90$h0713
=CAT  \\$aBATCH$b00$c20091214$lBLL01$h0845
=CAT  \\$aBATCH$b00$c20091216$lBLL01$h0218
=CAT  \\$a5552$b40$c20190108$lBLL01$h1340
=CAT  \\$aBLDSS-3PM$b00$c20190115$lBLL01$h1424
=CAT  \\$aBATCH-UPD$b00$c20190115$lBLL01$h1429
=CAT  \\$aBATCH-UPD$b00$c20190521$lBLL01$h1407
=CAT  \\$aIPL-CLA$c20190630$lBLL01$h1532
=CAT  \\$aBATCH-UPD$b00$c20190829$lBLL01$h1515
=CAT  \\$aIPL-CLA$c20190930$lBLL01$h1635
=CAT  \\$a8483$b40$c20191112$lBLL01$h1024
=CAT  \\$a11313$b40$c20191122$lBLL01$h0855
=CAT  \\$aBATCH-UPD$b40$c20200219$lBLL01$h1508
=CAT  \\$aIPL-CLA$c20200331$lBLL01$h1612
=CAT  \\$aBATCH-UPD$b00$c20200522$lBLL01$h1446
=CAT  \\$aIPL-CLA$c20200701$lBLL01$h0053
=CAT  \\$aBATCH-UPD$b00$c20210226$lBLL01$h1027
=CAT  \\$aIPL-CLA$c20210331$lBLL01$h1659
=CAT  \\$aBATCH-UPD$b00$c20210707$lBLL01$h1551
=CAT  \\$aIPL-CLA$c20210707$lBLL01$h1843
=CAT  \\$a10806$b40$c20211102$lBLL01$h1050
=CAT  \\$a10806$b40$c20211208$lBLL01$h1448
=CAT  \\$aBATCH-UPD$b40$c20220520$lBLL01$h1638
=CAT  \\$aIPL-CLA$c20220630$lBLL01$h1537
=CAT  \\$aBATCH-UPD$b00$c20220824$lBLL01$h0904
=CAT  \\$aIPL-CLA$c20220930$lBLL01$h1426
=CFI  0\$aCurrent copyright fee: GBP32.82$c19\0$e01-oct-2022$fGBP32.82$g0$hP$5Uk
=CFI  2\$aPrevious copyright fee: GBP31.50$c19\0$e01-jul-2022$fGBP31.50$g0$hP$5Uk
=FFP  \\$aY$bBLDSS-3PM
=FIN  \\$aY$d20191112
=FMT  \\$a  SE
=LAS  \\$aIPL-CLA$b00$c20220930$lBLL01$h1426
=LEO  \\$aMP13.0000084742
=SID  \\$aZ39$bOCLC
=SRC  \\$aDSS02$bbibh.200404.2.aa
=SRC  \\$aHSS01$bbibmp13.200404.2.aa
=TCO  \\$aXXX$c008
=TOC  \\$aETOC
=UNO  \\$aY

