=LDR  01548cas a2200445ua 4500
=001  012452325
=003  Uk
=005  20230724120441.0
=006  aa\\\j||||||||||||
=007  ta
=008  030317d19982000enkwr\p\\\e\\\0\\\a0eng\\
=019  1\$abld00K9128
=022  \\$a1463-0710
=040  \\$aUk$cUk
=245  00$aBuilding the Bounty.
=260  \\$aMadrid :$bDel Prado ;$aHastings :$bComag [distributor],$c1998-2000.
=300  \\$a100 v. :$bcol. ill. ;$c30 cm.
=310  \\$aWeekly
=336  \\$atext$2rdacontent
=337  \\$aunmediated$2rdamedia
=338  \\$avolume$2rdacarrier
=500  \\$aDescription based on: No. 8.
=515  \\$aComplete in 100 parts.
=580  \\$aOriginally published in Sweden.
=610  24$aBounty (Ship)$vJuvenile literature.
=650  \0$aSailing ships$xModels$vEncyclopedias, Juvenile.
=852  41$aBritish Library$bHMNTS$jZK.9.d.1700
=957  \\$a981214c
=985  \\$aISSN UK Centre: ISSN record #12907513 is suppressed (unreported in Portal). Recalled issue - possible transfer of responsibility or ask IC to push record. Will merge ISSN/bib records when issue consulted. DLW 24/7/23.
=CAT  \\$aCONV$b00$c20040425$lBLL90$h0720
=CAT  \\$aCONV$b00$c20040502$lBLL01$h1509
=CAT  \\$aBATCH$b00$c20091123$lBLL01$h0137
=CAT  \\$a10973$b40$c20230724$lBLL01$h1204
=FIN  \\$aY
=FMT  \\$a  SE
=LAS  \\$a10973$b40$c20230724$lBLL01$h1204
=LEO  \\$aMP13.0000119936
=SRC  \\$aDSS04$bbibld.200404.2.aa
=SRC  \\$aHSS01$bbibmp13.200404.2.aa
=TCO  \\$aCLA$bCLA$c008

