=LDR  04129cas a22010457  4500
=001  012470920
=003  Uk
=005  20221231204845.0
=007  ta
=008  901205c19909999enk|||p|||\\\\0\\\|0eng\\
=015  \\$aGB9052944$2bnb
=019  y\$ab9052944
=019  9\$ab9052944
=019  1\$ab9052944
=019  c\$a2437862
=022  0\$a0958-2770
=039  0\$a2118
=040  \\$aUk$cUk$dUk
=050  00$aBV2500
=082  04$a266.3$220
=130  0\$aNewsbrief (United Society for the Propagation of the Gospel)
=222  \0$aNewsbrief - United Society for the Propagation of the Gospel
=245  00$aNewsbrief.
=246  13$aUSPG newsbrief
=260  \\$aLondon :$bUnited Society for the Propagation of the Gospel,$c1990-
=300  \\$av.
=336  \\$atext$2rdacontent
=337  \\$aunmediated$2rdamedia
=338  \\$avolume$2rdacarrier
=362  0\$aIssue 1 (Jan.1990)-
=540  \\$aCurrent Copyright Fee: GBP25.00$c0$5Uk
=595  \\$aFORMERLY 4584.043N.
=610  20$aChurch of England$xMissions$vPeriodicals.
=653  \\$aAnglican missions$aSerials
=710  2\$aUnited Society for the Propagation of the Gospel.
=852  41$aBritish Library$bHMNTS$jZC.9.b.3893$3Issue 1 (Jan.1990)-
=886  2\$2blmarc$a092$b00$a6106.244700n
=945  \\$aNEWSBRIEF- UNITED SOCIETY FOR THE PROPAGATION OF THE GOSPEL.
=963  \\$aNO. 2, 1990- 4, 1990 *A=1; 9, 1990- *A=1$bN$cU
=979  \\$aBritish Library$bDSC$j6106.244700N
=985  \\$aResponsibility for ISSN transferred to IC from ISSN UK Centre, 02.02.07
=ACF  \\$aPrevious copyright fee: GBP5.00$c0$e01-jul-2002$fGBP5.00$g0$hC$5Uk
=ACF  \\$aCurrent copyright fee: GBP4.40$c0$e01-jul-1998$fGBP4.40$g0$hA$5Uk
=ACF  \\$aCurrent copyright fee: GBP4.20$c0$e01-apr-1997$fGBP4.20$g0$hA$5Uk
=ACF  \\$aPrevious copyright fee: GBP10.50$c0$e01-jan-2011$fGBP10.50$g0$hA$5Uk
=ACF  \\$aPrevious copyright fee: GBP12.00$c0$e01-jan-2012$fGBP12.00$g0$hA$5Uk
=ACF  \\$aPrevious Copyright Fee: GBP12.30$c0$e01-jan-2014$fGBP12.30$g0$hA$5Uk
=ACF  \\$aPrevious Copyright Fee: GBP15.00$c0$e01-jan-2017$fGBP15.00$g0$hA$5Uk
=ACF  \\$aPrevious Copyright Fee: GBP17.50$c0$e01-jan-2018$fGBP17.50$g0$hA$5Uk
=ACF  \\$aPrevious Copyright Fee: GBP20.00$c0$e01-jan-2020$fGBP20.00$g0$hA$5Uk
=CAT  \\$aCONV$b00$c20040425$lBLL90$h0725
=CAT  \\$aCONV$b00$c20040502$lBLL01$h1509
=CAT  \\$a6537$b40$c20070202$lBLL01$h1405
=CAT  \\$aWR09-126
=CAT  \\$aBATCH-UPD$b40$c20090904$lBLL01$h1728
=CAT  \\$aBATCH$b00$c20091210$lBLL01$h2337
=CAT  \\$aBATCH-UPD$b00$c20101201$lBLL01$h1248
=CAT  \\$aIPL-CLA$c20101231$lBLL01$h1509
=CAT  \\$aWR11_203$c20111204$lBLL01$h1506
=CAT  \\$aIPL-CLA$c20111230$lBLL01$h2014
=CAT  \\$aBATCH-CLA$b00$c20121109$lBLL01$h1733
=CAT  \\$aWR13.005$c20130323$lBLL01$h1513
=CAT  \\$aBATCH-CLA$c20131220$lBLL01$h2023
=CAT  \\$aIPL-CLA$c20131231$lBLL01$h2329
=CAT  \\$aWR14_140$c20140905$lBLL01$h1800
=CAT  \\$aBATCH-CLA$b00$c20161222$lBLL01$h1801
=CAT  \\$aIPL-CLA$c20161230$lBLL01$h2115
=CAT  \\$aBATCH-CLA$b00$c20171222$lBLL01$h2121
=CAT  \\$aIPL-CLA$c20171231$lBLL01$h1624
=CAT  \\$aBATCH-CLA$b00$c20191219$lBLL01$h1729
=CAT  \\$aIPL-CLA$c20191231$lBLL01$h1923
=CAT  \\$aR2001-1524$c20200127$lBLL01$h2001
=CAT  \\$aBATCH-CLA$b00$c20201204$lBLL01$h1529
=CAT  \\$aIPL-CLA$c20201231$lBLL01$h2145
=CAT  \\$aBATCH-CLA$b00$c20221221$lBLL01$h1837
=CAT  \\$aIPL-CLA$c20221231$lBLL01$h2048
=CFI  0\$aCurrent Copyright Fee: GBP25.00$c0$e01-jan-2023$fGBP25.00$g0$hA$5Uk
=CFI  2\$aPrevious Copyright Fee: GBP22.50$c0$e01-jan-2021$fGBP22.50$g0$hA$5Uk
=FIN  \\$aY
=FMT  \\$a  SE
=LAS  \\$aIPL-CLA$b00$c20221231$lBLL01$h2048
=LEO  \\$aMP22.0000031464
=LEO  \\$aMP10.0000401322
=LEO  \\$aMP5.0000787395
=LEO  \\$aMP13.0000306139
=SRC  \\$aISN01$bbibmp22.200404.2.aa
=SRC  \\$aDSS01$bbibmp10.200404.2.aa
=SRC  \\$aBNB03$bbibmp5.200404.2.ab
=SRC  \\$aHSS01$bbibmp13.200404.2.aa
=TCO  \\$aCLA$bCLA$c008

