=LDR  05952cas a2201345 a 4500
=001  012471850
=003  Uk
=005  20230210010052.0
=006  aa\\\|||||||||||||
=007  ta
=008  910319c19909999nyuqr\p\\\\\\\0\\\a0eng\\
=015  \\$aGB9114704$2bnb
=019  y\$ab9114704
=019  9\$ab9114704
=019  1\$ab9114704
=019  c\$a2425223
=022  0\$a0959-5228$z1544-9610
=039  0\$a2143
=040  \\$aUk$cUk$dUk
=042  \\$aukblsr
=082  04$a130.5$220
=130  0\$aSkeptic (Manchester, England)
=210  0\$aSkeptic$b(Manch.)
=222  \0$aSkeptic$b(Manchester)
=245  14$aThe Skeptic.
=246  3\$aSkeptic (Amherst, N.Y.)
=260  \\$aManchester :$b[The Skeptic],$c1990-
=260  2\$aLondon :$bAnomalistic Psychology Research Unit
=260  3\$32003-$aAmherst, N.Y. :$bCSICOP and Skeptical Inquirer
=300  \\$av. :$bill. ;$c30 cm.
=310  \\$aQuarterly
=321  \\$aSix issues yearly
=336  \\$atext$2rdacontent
=337  \\$aunmediated$2rdamedia
=338  \\$avolume$2rdacarrier
=362  0\$aVol. 4, no. 3 (May/June 1990)-
=500  \\$aLatest issue consulted: Vol. 19, no. 4 (winter 2006).
=540  \\$aCurrent Copyright Fee: GBP25.00$c0$5Uk
=595  \\$aFORMERLY 2287.93 UP TO VOL. 4(2), 1990 SEE ALSO 2287.93 FOR H&SS HOLDINGS.
=650  \0$aSkepticism$vPeriodicals.
=653  1\$aParanormal phenomena
=710  2\$aGoldsmiths' College.$bAnomalistic Psychology Research Unit.
=710  2\$aCommittee for the Scientific Investigation of Claims of the Paranormal.
=730  4\$aThe British & Irish skeptic,$x0955-6575.
=780  00$tBritish & Irish skeptic$x0955-6575
=852  41$aBritish Library$bHMNTS$jZK.9.b.3261$3Vol. 4, no. 3 (1990); v. 19, no. 4 (2006)- v.23, no. 4 (summer 2012)***Stock incomplete
=852  41$aBritish Library$bDSC$j8295.290000$3Vol. 4, no. 3 (1990)-v. 23, no. 1 (2010)***UKRR Retained Title
=945  \\$aSKEPTIC -MANCHESTER-.
=959  \\$fHeld but not currently received
=963  \\$aVOL. 4(3), 1990- *A=1$bN$cL198.B.111
=985  \\$aResponsibility for ISSN transferred to NSDP from ISSN UK Centre, 24.07.08.
=ACF  \\$aPrevious Copyright Fee: GBP12.00$c0$e01-apr-2012$fGBP12.00$g0$hC$5Uk
=ACF  \\$aPrevious Copyright Fee: GBP12.00$c0$e01-jan-2012$fGBP12.00$g0$hC$5Uk
=ACF  \\$aPrevious Copyright Fee: GBP10.50$c0$e01-oct-2011$fGBP10.50$g0$hC$5Uk
=ACF  \\$aPrevious Copyright Fee: GBP10.50$c0$e01-jul-2011$fGBP10.50$g0$hC$5Uk
=ACF  \\$aPrevious Copyright Fee: GBP10.50$c0$e01-apr-2011$fGBP10.50$g0$hC$5Uk
=ACF  \\$aPrevious Copyright Fee: GBP10.50$c0$e01-jan-2011$fGBP10.50$g0$hC$5Uk
=ACF  \\$aPrevious Copyright Fee: GBP9.00$c0$e01-oct-2010$fGBP9.00$g0$hC$5Uk
=ACF  \\$aPrevious Copyright Fee: GBP9.00$c0$e01-jul-2010$fGBP9.00$g0$hC$5Uk
=ACF  \\$aPrevious Copyright Fee: GBP9.00$c0$e01-apr-2010$fGBP9.00$g0$hC$5Uk
=ACF  \\$aPrevious Copyright Fee: GBP9.00$c0$e01-Jan-2010$fGBP9.00$g0$hC$5Uk
=ACF  \\$aPrevious Copyright Fee: GBP6.00$c0$e01-oct-2009$fGBP6.00$g0$hC$5Uk
=ACF  \\$aPrevious copyright fee: GBP5.00$c0$e01-jul-2002$fGBP5.00$g0$hC$5Uk
=ACF  \\$aCurrent copyright fee: GBP2.50$c0$e01-jul-1998$fGBP2.50$g0$hC$5Uk
=ACF  \\$aCurrent copyright fee: GBP2.30$c0$e01-apr-1997$fGBP2.30$g0$hC$5Uk
=ACF  \\$aPrevious Copyright Fee: GBP12.00$c0$e01-jul-2012$fGBP12.00$g0$hC$5Uk
=ACF  \\$aPrevious Copyright Fee: GBP12.00$c0$e01-oct-2012$fGBP12.00$g0$hC$5Uk
=ACF  \\$aPrevious Copyright Fee: GBP12.30$c0$e01-jan-2014$fGBP12.30$g0$hC$5Uk
=ACF  \\$aPrevious Copyright Fee: GBP15.00$c0$e01-jan-2017$fGBP15.00$g0$hC$5Uk
=ACF  \\$aPrevious Copyright Fee: GBP17.50$c0$e01-jan-2018$fGBP17.50$g0$hC$5Uk
=ACF  \\$aPrevious Copyright Fee: GBP20.00$c0$e01-jan-2020$fGBP20.00$g0$hC$5Uk
=ACF  \\$aPrevious Copyright Fee: GBP22.50$c0$e01-jan-2021$fGBP22.50$g0$hC$5Uk
=CAT  \\$aWR09-126
=CAT  \\$aIPL-CLA$c20110930$lBLL01$h1545
=CAT  \\$aBATCH-CLA$b00$c20111130$lBLL01$h1204
=CAT  \\$aIPL-CLA$c20111230$lBLL01$h2014
=CAT  \\$aBATCH-CLA$b00$c20120229$lBLL01$h1615
=CAT  \\$aIPL-CLA$c20120330$lBLL01$h1432
=CAT  \\$aBATCH-CLA$b00$c20120531$lBLL01$h1712
=CAT  \\$aIPL-CLA$c20120629$lBLL01$h1031
=CAT  \\$aBATCH-CLA$b00$c20120831$lBLL01$h1531
=CAT  \\$aIPL-CLA$c20120930$lBLL01$h2115
=CAT  \\$aBATCH-CLA$b00$c20121109$lBLL01$h1733
=CAT  \\$aWR13.005$c20130323$lBLL01$h1513
=CAT  \\$aBATCH-CLA$b00$c20131129$lBLL01$h1641
=CAT  \\$aIPL-CLA$c20131231$lBLL01$h2329
=CAT  \\$aWR14_140$c20140905$lBLL01$h1801
=CAT  \\$aBATCH-UPD$b00$c20161031$lBLL01$h2027
=CAT  \\$aBATCH-CLA$b00$c20161130$lBLL01$h1637
=CAT  \\$aIPL-CLA$c20161230$lBLL01$h2115
=CAT  \\$aBATCH-CLA$b00$c20171130$lBLL01$h1700
=CAT  \\$aIPL-CLA$c20171231$lBLL01$h1624
=CAT  \\$aBATCH-CLA$b00$c20191129$lBLL01$h1622
=CAT  \\$aIPL-CLA$c20191231$lBLL01$h1923
=CAT  \\$aBATCH-CLA$b00$c20201126$lBLL01$h1418
=CAT  \\$aIPL-CLA$c20201231$lBLL01$h2145
=CAT  \\$aBATCH-CLA$b00$c20221130$lBLL01$h1446
=CAT  \\$aIPL-CLA$c20221231$lBLL01$h2048
=CAT  \\$aBATCH-CLA$b00$c20230209$lBLL01$h1533
=CAT  \\$aIPL-CLA$c20230210$lBLL01$h0100
=CFI  0\$aCurrent Copyright Fee: GBP25.00$c0$e09-feb-2023$fGBP25.00$g0$hC$5Uk
=CFI  2\$aBritish Library not licensed to copy$c0$e01-jan-2023$hC$iCFP Excluded$5Uk
=FIN  \\$aY
=FMT  \\$a  SE
=LAS  \\$aIPL-CLA$b00$c20230210$lBLL01$h0100
=LEO  \\$aMP5.0000788671
=LEO  \\$aMP13.0000307126
=LEO  \\$aMP22.0000032500
=LEO  \\$aMP10.0000536654
=LKR  \\$aPAR$b011825846$lBLL01$r78000$mSkeptic (Manchester)$nBritish & Irish skeptic
=SRC  \\$aBNB03$bbibmp5.200404.2.ab
=SRC  \\$aHSS01$bbibmp13.200404.2.aa
=SRC  \\$aISN01$bbibmp22.200404.2.aa
=SRC  \\$aDSS01$bbibmp10.200404.2.aa
=TCO  \\$aTRS$bCCC$c008

