=LDR  05330cas a22011897a 4500
=001  012472765
=003  Uk
=005  20221231144454.0
=007  ta
=008  910618c19909999enkbr\p\\\\\\\0\\\a0eng\\
=015  \\$aGB9127531$2bnb
=019  y\$ab9127531
=019  9\$ab9127531
=019  c\$a2431289
=019  1\$ab9127531
=022  0\$a0958-5192
=039  0\$a2141
=040  \\$aUk$cUk$dUk
=082  04$a658.3$220
=210  0\$aInt. j. hum. resour. manag.
=222  \0$aInternational journal of human resource management
=245  00$aInternational journal of human resource management.
=260  \\$aLondon :$bRoutledge,$c1990-
=300  \\$av.
=310  \\$aBi-monthly
=336  \\$atext$2rdacontent
=337  \\$aunmediated$2rdamedia
=338  \\$avolume$2rdacarrier
=362  0\$aVol.1, no.1 (1990)-
=540  \\$aCurrent copyright fee: GBP37.00$c2\0$5Uk
=653  1\$aPersonnel$aManagement
=690  7\$aManagement and Business Studies$2blcoll
=776  0\$tInternational journal of human resource management (Online)$x1466-4399
=852  41$aBritish Library$bDSC$j4542.288500$3Vol. 1, no. 1 (1990)-v. 24, no. 8 (2013)***UKRR Retained Title***Stock Incomplete
=852  41$aBritish Library$bHMNTS$jZC.9.a.2719$3Vol. 1, no. 2 (Sep. 1990)-v. 26, no. 21/22 (Dec. 2015)***title now taken as electronic copy only
=856  \\$31850-9999$uhttp://www.tandfonline.com/$xBLDSS
=945  \\$aINTERNATIONAL JOURNAL OF HUMAN RESOURCE MANAGEMENT.
=959  \\$fHeld but not currently received
=963  \\$aVOL. 1, 1990- *A=1$bY$cL425.C.1136
=985  \\$aISSN UK Centre: Responsibility for ISSN transferred to US ISSN Centre from ISSN UK Centre 15.2.12.
=A02  \\$a2431289
=ACF  \\$aPrevious copyright fee: GBP17.00$c2\0$e01-jan-2010$fGBP17.00$g0$hP$5Uk
=ACF  \\$aPrevious copyright fee: GBP16.00$c2\0$e01-jan-2009$fGBP16.00$g0$hP$5Uk
=ACF  \\$aPrevious copyright fee: GBP15.00$c2\0$e01-apr-2008$fGBP15.00$g0$hP$5Uk
=ACF  \\$aPrevious copyright fee: GBP16.00$c2\0$e01-jan-2007$fGBP16.00$g0$hP$5Uk
=ACF  \\$aPrevious copyright fee: GBP13.00$c2\0$e01-jan-2005$fGBP13.00$g0$hP$5Uk
=ACF  \\$aPrevious copyright fee: GBP11.00$c2\0$e01-jan-2004$fGBP11.00$g0$hP$5Uk
=ACF  \\$aCurrent copyright fee: GBP10.00$c2\0$e01-apr-2002$fGBP10.00$g0$hP$5Uk
=ACF  \\$aCurrent copyright fee: GBP9.00$c2\0$e01-jan-2000$fGBP9.00$g0$hP$5Uk
=ACF  \\$aPrevious copyright fee: GBP21.00$c2\0$e01-jan-2011$fGBP21.00$g0$hP$5Uk
=ACF  \\$aPrevious copyright fee: GBP23.00$c2\0$e01-jan-2012$fGBP23.00$g0$hP$5Uk
=ACF  \\$aPrevious copyright fee: GBP23.50$c2\0$e01-jan-2013$fGBP23.50$g0$hP$5Uk
=ACF  \\$aPrevious copyright fee: GBP24.00$c2\0$e01-jan-2014$fGBP24.00$g0$hP$5Uk
=ACF  \\$aPrevious copyright fee: GBP25.00$c2\0$e01-jan-2015$fGBP25.00$g0$hP$5Uk
=ACF  \\$aPrevious copyright fee: GBP26.00$c2\0$e01-jan-2016$fGBP26.00$g0$hP$5Uk
=ACF  \\$aPrevious copyright fee: GBP28.00$c2\0$e01-jan-2017$fGBP28.00$g0$hP$5Uk
=ACF  \\$aPrevious copyright fee: GBP30.00$c2\0$e01-jan-2018$fGBP30.00$g0$hP$5Uk
=ACF  \\$aPrevious copyright fee: GBP32.00$c2\0$e01-jan-2019$fGBP32.00$g0$hP$5Uk
=ACF  \\$aPrevious copyright fee: GBP34.00$c2\0$e01-jan-2020$fGBP34.00$g0$hP$5Uk
=CAT  \\$aWR09-126
=CAT  \\$aWR13.005$c20130323$lBLL01$h1513
=CAT  \\$aBATCH-UPD$b00$c20131119$lBLL01$h1959
=CAT  \\$aIPL-CLA$c20131231$lBLL01$h2329
=CAT  \\$aBATCH-CLA$b00$c20140125$lBLL01$h1319
=CAT  \\$aBATCH-CLA$c20140225$lBLL01$h2320
=CAT  \\$aWR14_140$c20140905$lBLL01$h1801
=CAT  \\$aBATCH-UPD$b00$c20141124$lBLL01$h1802
=CAT  \\$aBLDSS-3PM$b00$c20141130$lBLL01$h1248
=CAT  \\$aIPL-CLA$c20141231$lBLL01$h1650
=CAT  \\$aBATCH-UPD$b00$c20151119$lBLL01$h1542
=CAT  \\$aIPL-CLA$c20151231$lBLL01$h1919
=CAT  \\$aBATCH-UPD$b00$c20160413$lBLL01$h1817
=CAT  \\$aBATCH-UPD$b00$c20161122$lBLL01$h1512
=CAT  \\$aBATCH-UPD$b00$c20161122$lBLL01$h1610
=CAT  \\$aIPL-CLA$c20161230$lBLL01$h2115
=CAT  \\$aBATCH-UPD$b00$c20171121$lBLL01$h1646
=CAT  \\$aIPL-CLA$c20171231$lBLL01$h1624
=CAT  \\$aBATCH-UPD$b00$c20181217$lBLL01$h1637
=CAT  \\$aIPL-CLA$c20181231$lBLL01$h1540
=CAT  \\$aBATCH-UPD$b00$c20191122$lBLL01$h1859
=CAT  \\$aIPL-CLA$c20191231$lBLL01$h1923
=CAT  \\$aBATCH-UPD$b00$c20201118$lBLL01$h1333
=CAT  \\$aIPL-CLA$c20201231$lBLL01$h1528
=CAT  \\$aBATCH-UPD$b00$c20221121$lBLL01$h1346
=CAT  \\$aIPL-CLA$c20221231$lBLL01$h1444
=CFI  0\$aCurrent copyright fee: GBP37.00$c2\0$e01-jan-2023$fGBP37.00$g0$hP$5Uk
=CFI  2\$aPrevious copyright fee: GBP35.00$c2\0$e01-jan-2021$fGBP35.00$g0$hP$5Uk
=FFP  \\$aY$bBLDSS-3PM
=FIN  \\$aY
=FMT  \\$a  SE
=LAS  \\$aIPL-CLA$b00$c20221231$lBLL01$h1444
=LEO  \\$aMP5.0000790021
=LEO  \\$aMP10.0000295526
=LEO  \\$aMP13.0000308068
=LEO  \\$aMP22.0000031667
=LKR  \\$aPAR$b013363536$lBLL01$r776$mInternational journal of human resource management$nInternational journal of human resource management (Online)
=SRC  \\$aBNB03$bbibmp5.200404.2.ab
=SRC  \\$aDSS01$bbibmp10.200404.2.aa
=SRC  \\$aHSS01$bbibmp13.200404.2.aa
=SRC  \\$aISN01$bbibmp22.200404.2.aa
=TCO  \\$aCLA$bCLA$c008
=TOC  \\$aETOC

