=LDR  04292cas a2201045 a 4500
=001  012475449
=003  Uk
=005  20221231204854.0
=007  ta
=008  911003c198u9999enkuu\p\\\\\\\0\\\a0eng\\
=015  \\$aGB9159062$2bnb
=019  y\$ab9159062
=019  9\$ab9159062
=019  1\$ab9159062
=019  c\$a2314009
=022  0\$a0964-699X
=039  0\$a2160
=040  \\$aUk$cUk$dUk
=082  04$a338.9$220
=210  0\$aInt. dev. policies
=222  \0$aInternational development policies
=245  00$aInternational development policies :$breview of the activities of international organisations.
=260  \\$aLondon :$bCommonwealth Secretariat,$c[198-]-
=300  \\$av. ;$c30 cm.
=336  \\$atext$2rdacontent
=337  \\$aunmediated$2rdamedia
=338  \\$avolume$2rdacarrier
=362  0\$a[No.1 (198-)]-
=540  \\$aCurrent Copyright Fee: GBP25.00$c0$5Uk
=595  \\$aSEE ALSO SERIAL RECORDS RCS.
=653  1\$aEconomic planning
=690  7\$aManagement and Business Studies$2blcoll
=710  2\$aCommonwealth Secretariat.
=852  41$aBritish Library$bHMNTS$jBS.12a/45$3No.36 (Oct./Dec. 1989); no.54 (Apr./Jun.1994); no.55 (Jul./Oct.1994); no.80 (Oct./Dec.2001)
=945  \\$aINTERNATIONAL DEVELOPMENT POLICIES.
=963  \\$aNS: NO. 5, 1982- 57, 1995 *A=1$bN$cRCS.PER.1279
=979  \\$aBritish Library$bDSC$j4539.546500N
=985  \\$aResponsibility for ISSN transferred to the IC from the UK Centre, 29.10.08
=985  \\$aRecord merged by DQ team
=ACF  \\$aPrevious copyright fee: GBP9.00$c0$e01-apr-2010$fGBP9.00$g0$hA$5Uk
=ACF  \\$aPrevious copyright fee: GBP6.00$c0$e01-apr-2008$fGBP6.00$g0$hA$5Uk
=ACF  \\$aPrevious copyright fee: GBP5.00$c0$e01-jul-2002$fGBP5.00$g0$hA$5Uk
=ACF  \\$aCurrent copyright fee: GBP4.40$c0$e01-jul-1998$fGBP4.40$g0$hA$5Uk
=ACF  \\$aCurrent copyright fee: GBP4.20$c0$e01-apr-1997$fGBP4.20$g0$hA$5Uk
=ACF  \\$aPrevious copyright fee: GBP10.50$c0$e01-jan-2011$fGBP10.50$g0$hA$5Uk
=ACF  \\$aPrevious copyright fee: GBP12.00$c0$e01-jan-2012$fGBP12.00$g0$hA$5Uk
=ACF  \\$aPrevious Copyright Fee: GBP12.30$c0$e01-jan-2014$fGBP12.30$g0$hA$5Uk
=ACF  \\$aPrevious Copyright Fee: GBP15.00$c0$e01-jan-2017$fGBP15.00$g0$hA$5Uk
=ACF  \\$aPrevious Copyright Fee: GBP17.50$c0$e01-jan-2018$fGBP17.50$g0$hA$5Uk
=ACF  \\$aPrevious Copyright Fee: GBP20.00$c0$e01-jan-2020$fGBP20.00$g0$hA$5Uk
=CAT  \\$aCONV$b00$c20040425$lBLL90$h0725
=CAT  \\$aBATCH-UPD$b00$c20100331$lBLL01$h2330
=CAT  \\$aBATCH-UPD$b00$c20100401$lBLL01$h0249
=CAT  \\$aBATCH$b00$c20100401$lBLL01$h0552
=CAT  \\$aBATCH$b00$c20100401$lBLL01$h1625
=CAT  \\$aBATCH-UPD$b00$c20101124$lBLL01$h1944
=CAT  \\$aBATCH-UPD$b00$c20101125$lBLL01$h1211
=CAT  \\$aIPL-CLA$c20101231$lBLL01$h1509
=CAT  \\$aWR11_203$c20111204$lBLL01$h1506
=CAT  \\$aIPL-CLA$c20111230$lBLL01$h2015
=CAT  \\$aBATCH-CLA$b00$c20121109$lBLL01$h1733
=CAT  \\$aWR13.005$c20130323$lBLL01$h1513
=CAT  \\$aBATCH-CLA$c20131220$lBLL01$h2024
=CAT  \\$aIPL-CLA$c20131231$lBLL01$h2329
=CAT  \\$aWR14_140$c20140905$lBLL01$h1801
=CAT  \\$aBATCH-CLA$b00$c20161222$lBLL01$h1801
=CAT  \\$aIPL-CLA$c20161230$lBLL01$h2115
=CAT  \\$aBATCH-CLA$b00$c20171222$lBLL01$h2121
=CAT  \\$aIPL-CLA$c20171231$lBLL01$h1625
=CAT  \\$aBATCH-CLA$b00$c20191219$lBLL01$h1729
=CAT  \\$aIPL-CLA$c20191231$lBLL01$h1923
=CAT  \\$aR2001-1524$c20200127$lBLL01$h2001
=CAT  \\$aBATCH-CLA$b00$c20201204$lBLL01$h1529
=CAT  \\$aIPL-CLA$c20201231$lBLL01$h2146
=CAT  \\$aBATCH-CLA$b00$c20221221$lBLL01$h1837
=CAT  \\$aIPL-CLA$c20221231$lBLL01$h2048
=CFI  0\$aCurrent Copyright Fee: GBP25.00$c0$e01-jan-2023$fGBP25.00$g0$hA$5Uk
=CFI  2\$aPrevious Copyright Fee: GBP22.50$c0$e01-jan-2021$fGBP22.50$g0$hA$5Uk
=FIN  \\$aY
=FMT  \\$a  SE
=LAS  \\$aIPL-CLA$b00$c20221231$lBLL01$h2048
=LEO  \\$aMP5.0000793738
=LEO  \\$aMP13.0000310829
=LEO  \\$aMP22.0000036721
=LEO  \\$aMP10.0000293882
=SRC  \\$aDSS01$bbibmp10.200404.2.aa
=SRC  \\$aISN01$bbibmp22.200404.2.aa
=SRC  \\$aBNB03$bbibmp5.200404.2.ab
=SRC  \\$aHSS01$bbibmp13.200404.2.aa
=TCO  \\$aCLA$bCLA$c008

