=LDR  05069cas a2201189 a 4500
=001  012475973
=003  Uk
=005  20230210010056.0
=007  ta
=008  911211d199019uuenkux\m\\\\\\\0\\\a0eng\\
=015  \\$aGB9164456$2bnb
=019  y\$ab9164456
=019  9\$ab9164456
=019  1\$ab9164456
=019  c\$a2436505
=022  0\$a0953-7805
=039  0\$a2165
=040  \\$aUk$cUk$dUK
=082  04$a200$220
=222  \0$aReligious notes
=245  00$aReligious notes.
=260  \\$aLondon :$bLibertarian Alliance,$c1990-
=300  \\$av. ;$ccm.
=310  \\$aIrregular
=336  \\$atext$2rdacontent
=337  \\$aunmediated$2rdamedia
=338  \\$avolume$2rdacarrier
=362  0\$aNo.1-
=362  1\$aCeased in 1999?
=540  \\$aCurrent Copyright Fee: GBP25.00$c0$5Uk
=653  1\$aReligion
=710  2\$aLibertarian Alliance.
=776  0\$tReligious notes$c(Online)$x2042-2792
=852  41$aBritish Library$bHMNTS$jZK.9.b.3687$3No. 2 [19uu]-issue 6 (1995)
=852  41$aBritish Library$bDSC$j7356.542800$3No. 5 (1992)-no. 6 (1995); no. 8 (1998)-no. 9 (1999)
=945  \\$aRELIGIOUS NOTES- LIBERTARIAN ALLIANCE.
=959  \\$fHeld but not currently received
=963  \\$aNO. 1, 1989- *A=1$bN$cU
=985  \\$aResponsibility for ISSN transferred to ISSN International Centre from ISSN UK Centre, 04/03/11.
=ACF  \\$aPrevious Copyright Fee: GBP12.00$c0$e01-apr-2012$fGBP12.00$g0$hC$5Uk
=ACF  \\$aPrevious Copyright Fee: GBP12.00$c0$e01-jan-2012$fGBP12.00$g0$hC$5Uk
=ACF  \\$aPrevious Copyright Fee: GBP10.50$c0$e01-oct-2011$fGBP10.50$g0$hC$5Uk
=ACF  \\$aPrevious Copyright Fee: GBP10.50$c0$e01-jul-2011$fGBP10.50$g0$hC$5Uk
=ACF  \\$aPrevious Copyright Fee: GBP10.50$c0$e01-apr-2011$fGBP10.50$g0$hC$5Uk
=ACF  \\$aPrevious Copyright Fee: GBP10.50$c0$e01-jan-2011$fGBP10.50$g0$hC$5Uk
=ACF  \\$aPrevious Copyright Fee: GBP9.00$c0$e01-oct-2010$fGBP9.00$g0$hC$5Uk
=ACF  \\$aPrevious Copyright Fee: GBP9.00$c0$e01-jul-2010$fGBP9.00$g0$hC$5Uk
=ACF  \\$aPrevious Copyright Fee: GBP9.00$c0$e01-apr-2010$fGBP9.00$g0$hC$5Uk
=ACF  \\$aPrevious Copyright Fee: GBP9.00$c0$e01-Jan-2010$fGBP9.00$g0$hC$5Uk
=ACF  \\$aPrevious Copyright Fee: GBP6.00$c0$e01-oct-2009$fGBP6.00$g0$hC$5Uk
=ACF  \\$aPrevious copyright fee: GBP5.00$c0$e01-jan-2003$fGBP5.00$g0$hC$5Uk
=ACF  \\$aBritish Library not licensed to copy$c0$e24-may-2002$g0$hC$iCLA-excluded$5Uk
=ACF  \\$aCurrent copyright fee: GBP4.40$c0$e01-jul-1998$fGBP4.40$g0$hA$5Uk
=ACF  \\$aPrevious Copyright Fee: GBP12.00$c0$e01-jul-2012$fGBP12.00$g0$hC$5Uk
=ACF  \\$aPrevious Copyright Fee: GBP12.00$c0$e01-oct-2012$fGBP12.00$g0$hC$5Uk
=ACF  \\$aPrevious Copyright Fee: GBP12.30$c0$e01-jan-2014$fGBP12.30$g0$hC$5Uk
=ACF  \\$aPrevious Copyright Fee: GBP15.00$c0$e01-jan-2017$fGBP15.00$g0$hC$5Uk
=ACF  \\$aPrevious Copyright Fee: GBP17.50$c0$e01-jan-2018$fGBP17.50$g0$hC$5Uk
=ACF  \\$aPrevious Copyright Fee: GBP20.00$c0$e01-jan-2020$fGBP20.00$g0$hC$5Uk
=ACF  \\$aPrevious Copyright Fee: GBP22.50$c0$e01-jan-2021$fGBP22.50$g0$hC$5Uk
=CAT  \\$aWR09-126
=CAT  \\$aIPL-CLA$c20110930$lBLL01$h1545
=CAT  \\$aBATCH-CLA$b00$c20111130$lBLL01$h1207
=CAT  \\$aIPL-CLA$c20111230$lBLL01$h2015
=CAT  \\$aBATCH-CLA$b00$c20120229$lBLL01$h1618
=CAT  \\$aIPL-CLA$c20120330$lBLL01$h1432
=CAT  \\$aBATCH-CLA$b00$c20120531$lBLL01$h1711
=CAT  \\$aIPL-CLA$c20120629$lBLL01$h1031
=CAT  \\$aBATCH-CLA$b00$c20120831$lBLL01$h1523
=CAT  \\$aIPL-CLA$c20120930$lBLL01$h2115
=CAT  \\$aBATCH-CLA$b00$c20121109$lBLL01$h1733
=CAT  \\$a7778$b40$c20121231$lBLL01$h1346
=CAT  \\$aWR13.005$c20130323$lBLL01$h1513
=CAT  \\$aBATCH-CLA$b00$c20131129$lBLL01$h1641
=CAT  \\$aIPL-CLA$c20131231$lBLL01$h2329
=CAT  \\$aWR14_140$c20140905$lBLL01$h1801
=CAT  \\$aBATCH-CLA$b00$c20161130$lBLL01$h1641
=CAT  \\$aIPL-CLA$c20161230$lBLL01$h2115
=CAT  \\$aBATCH-CLA$b00$c20171130$lBLL01$h1655
=CAT  \\$aIPL-CLA$c20171231$lBLL01$h1625
=CAT  \\$aBATCH-CLA$b00$c20191129$lBLL01$h1623
=CAT  \\$aIPL-CLA$c20191231$lBLL01$h1923
=CAT  \\$aBATCH-CLA$b00$c20201126$lBLL01$h1410
=CAT  \\$aIPL-CLA$c20201231$lBLL01$h2146
=CAT  \\$aBATCH-CLA$b00$c20221130$lBLL01$h1453
=CAT  \\$aIPL-CLA$c20221231$lBLL01$h2048
=CAT  \\$aBATCH-CLA$b00$c20230209$lBLL01$h1540
=CAT  \\$aIPL-CLA$c20230210$lBLL01$h0100
=CFI  0\$aCurrent Copyright Fee: GBP25.00$c0$e09-feb-2023$fGBP25.00$g0$hC$5Uk
=CFI  2\$aBritish Library not licensed to copy$c0$e01-jan-2023$hC$iCFP Excluded$5Uk
=FIN  \\$aY
=FMT  \\$a  SE
=LAS  \\$aIPL-CLA$b00$c20230210$lBLL01$h0100
=LEO  \\$aMP10.0000486147
=LEO  \\$aMP5.0000794485
=LEO  \\$aMP13.0000311369
=LEO  \\$aMP22.0000027504
=SRC  \\$aDSS01$bbibmp10.200404.2.aa
=SRC  \\$aBNB03$bbibmp5.200404.2.ab
=SRC  \\$aHSS01$bbibmp13.200404.2.aa
=SRC  \\$aISN01$bbibmp22.200404.2.aa
=TCO  \\$aCLA$bCLA$c008

