=LDR  02411cas a2200673 a 4500
=001  012479241
=003  Uk
=005  20221231204906.0
=007  ta
=008  920618c19899999enkuu\p\\\\\\\0\\\a0eng\\
=015  \\$aGB9225660$2bnb
=019  1\$ab9225660
=019  c\$a2487222
=022  0\$a0963-5742
=040  \\$aUk$beng$cUk$dUk
=042  \\$aukblsr
=082  04$a617.63205$220
=130  0\$aNewsletter (International Academy of Periodontology)
=222  \0$aNewsletter _ International Academy of Periodontology
=245  10$aNewsletter.
=260  \\$a[England] :$bInternational Academy of Periodontology,$c[1989?]-
=300  \\$av. ;$c30 cm.
=336  \\$atext$2rdacontent
=337  \\$aunmediated$2rdamedia
=338  \\$avolume$2rdacarrier
=500  \\$aDescription based on: Nov. 1990, no. 6.
=540  \\$aCurrent Copyright Fee: GBP25.00$c0$5Uk
=595  \\$aSEE ALSO CARD INDEX.
=650  \0$aDentistry$vPeriodicals.
=653  1\$aDentistry
=710  2\$aInternational Academy of Periodontology.
=852  41$aBritish Library$bHMNTS$jZK.9.b.4059$3Holdings: Nov. 1990 no. 6-
=945  \\$aNEWSLETTER- INTERNATIONAL ACADEMY OF PERIODONTOLOGY.
=979  \\$aBritish Library$bDSC$j6107.401700N
=985  \\$aUpgraded by BSS-generated file for WR2011-1472
=985  \\$aISSN responsibility taken by ISSN IC from ISSN UK, 22.01.2021.
=ACF  \\$aPrevious Copyright Fee: GBP20.00$c0$e01-jan-2020$fGBP20.00$g0$hA$5Uk
=CAT  \\$aCONV$b00$c20040425$lBLL90$h0726
=CAT  \\$aCONV$b00$c20040502$lBLL01$h1510
=CAT  \\$aWR09-126
=CAT  \\$aBATCH-UPD$b00$c20090904$lBLL01$h1728
=CAT  \\$aBATCH$b00$c20091123$lBLL01$h0149
=CAT  \\$aWR14_140$c20140905$lBLL01$h1801
=CAT  \\$a11205$b40$c20210113$lBLL01$h1030
=CAT  \\$a7152$b40$c20210122$lBLL01$h1106
=CAT  \\$aBATCH-CLA$b00$c20221221$lBLL01$h1837
=CAT  \\$aIPL-CLA$c20221231$lBLL01$h2049
=CFI  0\$aCurrent Copyright Fee: GBP25.00$c0$e01-jan-2023$fGBP25.00$g0$hA$5Uk
=CFI  2\$aPrevious Copyright Fee: GBP22.50$c0$e01-jan-2021$fGBP22.50$g0$hA$5Uk
=FIN  \\$aY
=FMT  \\$a  SE
=LAS  \\$aIPL-CLA$b00$c20221231$lBLL01$h2049
=LEO  \\$aMP10.0000402961
=LEO  \\$aMP22.0000035809
=LEO  \\$aMP13.0000314735
=SRC  \\$aDSS01$bbibmp10.200404.2.aa
=SRC  \\$aISN01$bbibmp22.200404.2.aa
=SRC  \\$aHSS01$bbibmp13.200404.2.aa
=TCO  \\$aCLA$bCLA$c008

