=LDR  02829cas a2200757ua 4500
=001  012480014
=003  Uk
=005  20221231204908.0
=006  aac\\|||||||||||||
=007  ta
=008  921014c19909999enkfr\p\\\\\\\0\\\a0eng\\
=015  \\$aGB9237693$2bnb
=019  y\$ab9237693
=019  9\$ab9237693
=019  1\$ab9237693
=019  c\$a2452888
=022  0\$a0958-2606
=039  0\$a2206
=040  \\$aUk$cUk
=082  04$a770.9$220
=210  0\$aPhotoresearcher$b(Croydon)
=222  \0$aPhotoresearcher$b(Croydon)
=245  00$aPhotoresearcher.
=260  \\$aCroydon :$bEuropean Society for the History of Photography,$c1990-
=300  \\$av. :$bill., ports. ;$c30cm.
=336  \\$atext$2rdacontent
=337  \\$aunmediated$2rdamedia
=338  \\$avolume$2rdacarrier
=362  0\$aIssue no.1 (Oct.1990)-
=540  \\$aCurrent Copyright Fee: GBP25.00$c0$5Uk
=653  1\$aPhotography$aHistory
=710  2\$aEuropean Society for the History of Photography.
=852  41$aBritish Library$bHMNTS$jZK.9.b.3867$3Issue no.1 (Oct.1990)-
=886  2\$2blmarc$a092$b00$a6474.349000n
=886  2\$2ukmarc$a910$b20$aAssociation Europeene pour L'Histoire de la Photographie$xSee$aEuropean Society for the History of Photography$z710
=886  2\$2ukmarc$a910$b20$aEuropäische Gessellschaft für die Geschichte der Photographie$xSee$aEuropean Society for the History of Photography$z710
=945  \\$aPHOTORESEARCHER -CROYDON-.
=963  \\$aNO. 1, 1990- *A=1$bN$cL404.B.275
=979  \\$aBritish Library$bDSC$j6474.349000N
=985  \\$aResponsibility for ISSN transferred to ISSN Germany from ISSN UK Centre, 20/11/08
=ACF  \\$aPrevious Copyright Fee: GBP20.00$c0$e01-jan-2020$fGBP20.00$g0$hA$5Uk
=CAT  \\$aCONV$b00$c20040425$lBLL90$h0726
=CAT  \\$aCONV$b00$c20040502$lBLL01$h1510
=CAT  \\$aglobal_upd$b40$c20060417$lBLL01$h1848
=CAT  \\$a11313$b40$c20081120$lBLL01$h1136
=CAT  \\$aWR09-126
=CAT  \\$aBATCH-UPD$b40$c20090904$lBLL01$h1728
=CAT  \\$aBATCH$b00$c20091123$lBLL01$h0150
=CAT  \\$aWR14_140$c20140905$lBLL01$h1801
=CAT  \\$a11315$b40$c20210312$lBLL01$h1630
=CAT  \\$aBATCH-CLA$b00$c20221221$lBLL01$h1837
=CAT  \\$aIPL-CLA$c20221231$lBLL01$h2049
=CFI  0\$aCurrent Copyright Fee: GBP25.00$c0$e01-jan-2023$fGBP25.00$g0$hA$5Uk
=CFI  2\$aPrevious Copyright Fee: GBP22.50$c0$e01-jan-2021$fGBP22.50$g0$hA$5Uk
=FIN  \\$aY
=FMT  \\$a  SE
=LAS  \\$aIPL-CLA$b00$c20221231$lBLL01$h2049
=LEO  \\$aMP10.0000439058
=LEO  \\$aMP5.0000801818
=LEO  \\$aMP13.0000315537
=LEO  \\$aMP22.0000031449
=SRC  \\$aDSS01$bbibmp10.200404.2.aa
=SRC  \\$aBNB03$bbibmp5.200404.2.ab
=SRC  \\$aHSS01$bbibmp13.200404.2.aa
=SRC  \\$aISN01$bbibmp22.200404.2.aa
=TCO  \\$aCLA$bCLA$c008

