=LDR  02563 as a2200661ua 4500
=001  012480638
=003  Uk
=005  20051129151627.0
=006  aa\\\|||||||||||||
=007  ta
=008  920916d19851991enk\|2p|||\\\||\\\a0eng\\
=015  \\$aGB9246180$2bnb
=019  y\$ab9246180
=019  9\$ab9246180
=019  1\$ab9246180
=022  0\$a0967-0777
=039  0\$a2215
=040  \\$aUk$cUk
=082  04$a338.1068$220
=210  0\$aFarm manag. int.
=222  \0$aFarm management international
=245  00$aFarm management international :$bthe journal of the International Farm Management Association.
=260  \\$aReading (The Editor, Farm Management Unit, University of Reading, Earley Gate, PO Box 236, Reading, RG6 2AR) :$bInternational Farm Management Association,$c1985-[1991?]
=300  \\$a2 v. :$bill. ;$c21cm.
=310  \\$aIrregular
=336  \\$atext$2rdacontent
=337  \\$aunmediated$2rdamedia
=338  \\$avolume$2rdacarrier
=362  0\$aVol.1, no.1-vol.1, no.2 ([1991?])
=580  \\$aContinued by: Journal of international farm management.
=653  1\$aAgriculture$aManagement
=690  7\$aManagement and Business Studies$2blcoll
=710  2\$aInternational Farm Management Association.
=730  0\$aJournal of international farm management,$x0967-0785.
=785  00$tJournal of international farm management$x0967-0785
=852  41$aBritish Library$bHMNTS$jZK.9.a.3174$3Vol.1, no.1-vol.1, no.2 ([1991?])
=886  2\$2ukmarc$a910$b20$aIFMA$xSee$aInternational Farm Management Association$z710
=985  \\$aResponsibility for ISSN transferred to ISSN International Centre 29/11/05
=CAT  \\$aCONV$b00$c20040425$lBLL90$h0726
=CAT  \\$aCONV$b00$c20040502$lBLL01$h1510
=CAT  \\$a11316$b40$c20051129$lBLL01$h1516
=CAT  \\$aglobal_upd$b40$c20060417$lBLL01$h1848
=CAT  \\$aBATCH$b00$c20090610$lBLL01$h1717
=CAT  \\$aWR09-126
=CAT  \\$aBATCH-UPD$b00$c20090904$lBLL01$h1728
=CAT  \\$aBATCH$b00$c20091123$lBLL01$h0150
=CAT  \\$aWR14_140$c20140905$lBLL01$h1802
=FIN  \\$aY
=FMT  \\$a  SE
=LAS  \\$aWR14_140$b00$c20140905$lBLL01$h1802
=LEO  \\$aMP5.0000802962
=LEO  \\$aMP13.0000316196
=LEO  \\$aMP22.0000038512
=LKR  \\$aPAR$b007234583$r785$mFarm management international :the journal of the International Farm Management Association.$nJournal of international farm management.
=SRC  \\$aBNB03$bbibmp5.200404.2.ab
=SRC  \\$aHSS01$bbibmp13.200404.2.aa
=SRC  \\$aISN01$bbibmp22.200404.2.aa
=TCO  \\$aCLA$bCLA$c008

