=LDR  01989cas a2200637ua 4500
=001  012481084
=003  Uk
=005  20231006074450.0
=007  ta
=008  921210c19919999enkuu\\\\\\\\\0\\\a0eng\\
=015  \\$aGB9250723$2bnb
=019  y\$ab9250723
=019  9\$ab9250723
=019  1\$ab9250723
=022  \\$a0963-0538
=039  0\$a2218
=040  \\$aUk$cUk
=082  04$a657.0604$220
=210  0\$aEur. account. yearb.
=222  \0$aEuropean accountancy yearbook
=245  00$aEuropean accountancy yearbook.
=260  \\$aLondon :$bGraham & Trotman,$c1991-
=300  \\$av. ;$c25 cm
=336  \\$atext$2rdacontent
=337  \\$aunmediated$2rdamedia
=338  \\$avolume$2rdacarrier
=362  0\$a1991/2-
=500  \\$aDescription based on: 1992 issue.
=653  1\$aAccountancy
=653  1\$aEurope
=690  7\$aManagement and Business Studies$2blcoll
=852  41$aBritish Library$bHMNTS$jZC.9.a.3193$31991/2.
=985  \\$aISSN UK note: Graham & Trotman under ISSN Netherlands responsibility - UK coding removed (06/10/23)
=CAT  \\$aCONV$b00$c20040425$lBLL90$h0726
=CAT  \\$aCONV$b00$c20040502$lBLL01$h1510
=CAT  \\$aglobal_upd$b40$c20060417$lBLL01$h1848
=CAT  \\$aBATCH$b00$c20090610$lBLL01$h1717
=CAT  \\$aWR09-126
=CAT  \\$aBATCH-UPD$b00$c20090904$lBLL01$h1728
=CAT  \\$aBATCH$b00$c20091123$lBLL01$h0150
=CAT  \\$aWR14_140$c20140905$lBLL01$h1802
=CAT  \\$a10969$b40$c20230929$lBLL01$h1351
=CAT  \\$a10969$b40$c20230929$lBLL01$h1424
=CAT  \\$a10806$b40$c20231006$lBLL01$h0740
=CAT  \\$a10806$b40$c20231006$lBLL01$h0744
=FIN  \\$aY
=FMT  \\$a  SE
=LAS  \\$a10806$b40$c20231006$lBLL01$h0744
=LEO  \\$aMP5.0000803621
=LEO  \\$aMP13.0000316663
=LEO  \\$aMP22.0000035361
=SRC  \\$aDSS04$bbibld.200404.2.aa
=SRC  \\$aBNB03$bbibmp5.200404.2.ab
=SRC  \\$aHSS01$bbibmp13.200404.2.aa
=SRC  \\$aISN01$bbibmp22.200404.2.aa
=TCO  \\$aCLA$bCLA$c008

