=LDR  06640cas a2201417 a 4500
=001  012481354
=003  Uk
=005  20221231144458.0
=007  ta
=008  930122c19929999enkqr\p\\\\\\\0\\\a0eng\\
=015  \\$aGB9301408$2bnb
=019  y\$ab9301408
=019  9\$ab9301408
=019  c\$a2454705
=019  1\$ab9301408
=022  0\$a0965-8416
=039  0\$a2221
=040  \\$aUk$cUk$dUk
=082  04$a400$220
=210  0\$aLang. aware.
=222  \0$aLanguage awareness
=245  00$aLanguage awareness.
=260  \\$aClevedon :$bMultilingual Matters,$c1992-
=264  31$aAbingdon :$bTaylor & Francis
=300  \\$av. ;$c25cm.
=310  \\$aQuarterly,$b1993-
=321  \\$aTwo issues yearly,$b1992
=336  \\$atext$2rdacontent
=337  \\$aunmediated$2rdamedia
=338  \\$avolume$2rdacarrier
=362  0\$aVol. 1, 1 (1992)-
=540  \\$aCurrent copyright fee: GBP37.00$c2\0$5Uk
=588  \\$aLatest issue consulted: volume 23, issues 1-2 (February/May 2014).
=650  \0$aLanguage awareness$vPeriodicals.
=776  0\$tLanguage awareness (Online)$x1747-7565
=852  41$aBritish Library$bDSC$j5155.708367$3Vol. 1, issue 1 (1992)-v. 20, no. 4 (2011)***UKRR Retained Title
=852  41$aBritish Library$bHMNTS$jZC.9.a.3217$3Vol. 1, no. 1 (1992)- v. 24 issue 4 (Nov.2015)***title now taken as electronic copy only
=856  \\$31850-9999$uhttp://www.tandfonline.com/$xBLDSS
=945  \\$aLanguage awareness
=959  \\$fHeld but not currently received
=963  \\$aVol. 1, 1992-$bN$cU
=985  \\$aISSN note: responsibility for ISSN transferred from ISSN UK Centre to US ISSN Center (multinational publisher agreement), 13.03.14.
=A02  \\$a2454705
=ACF  \\$aPrevious Copyright Fee: GBP17.00$c2\0$e10-mar-2010$fGBP17.00$g0$hP$5Uk
=ACF  \\$aPrevious Copyright Fee: GBP5.00$c0$e01-Jan-2010$fGBP5.00$g0$hC$5Uk
=ACF  \\$aPrevious Copyright Fee: GBP5.00$c0$e01-oct-2009$fGBP5.00$g0$hC$5Uk
=ACF  \\$aPrevious Copyright Fee: GBP5.00$c0$e01-jul-2009$fGBP5.00$g0$hC$5Uk
=ACF  \\$aPrevious Copyright Fee: GBP5.00$c0$e01-apr-2009$fGBP5.00$g0$hC$5Uk
=ACF  \\$aPrevious Copyright Fee: GBP5.00$c0$e01-jan-2009$fGBP5.00$g0$hC$5Uk
=ACF  \\$aPrevious Copyright Fee: GBP5.00$c0$e01-oct-2008$fGBP5.00$g0$hC$5Uk
=ACF  \\$aPrevious Copyright Fee: GBP6.00$c0$e01-jul-2008$fGBP6.00$g0$hC$5Uk
=ACF  \\$aPrevious Copyright Fee: GBP6.00$c0$e01-apr-2008$fGBP6.00$g0$hC$5Uk
=ACF  \\$aPrevious Copyright Fee: GBP6.00$c0$e01-jan-2008$fGBP6.00$g0$hC$5Uk
=ACF  \\$aPrevious Copyright Fee: GBP5.00$c0$e01-oct-2007$fGBP5.00$g0$hC$5Uk
=ACF  \\$aPrevious Copyright Fee: GBP5.00$c0$e01-jul-2007$fGBP5.00$g0$hC$5Uk
=ACF  \\$aPrevious Copyright Fee: GBP5.00$c0$e01-apr-2007$fGBP5.00$g0$hC$5Uk
=ACF  \\$aPrevious Copyright Fee: GBP5.00$c0$e01-jan-2007$fGBP5.00$g0$hC$5Uk
=ACF  \\$aPrevious Copyright Fee: GBP5.00$c0$e01-oct-2006$fGBP5.00$g0$hC$5Uk
=ACF  \\$aPrevious Copyright Fee: GBP5.00$c0$e01-jul-2006$fGBP5.00$g0$hC$5Uk
=ACF  \\$aPrevious Copyright Fee: GBP5.00$c0$e01-apr-2006$fGBP5.00$g0$hC$5Uk
=ACF  \\$aPrevious Copyright Fee: GBP5.00$c0$e01-jan-2006$fGBP5.00$g0$hC$5Uk
=ACF  \\$aPrevious Copyright Fee: GBP5.00$c0$e01-oct-2005$fGBP5.00$g0$hC$5Uk
=ACF  \\$aPrevious Copyright Fee: GBP5.00$c0$e01-jul-2005$fGBP5.00$g0$hC$5Uk
=ACF  \\$aPrevious Copyright Fee: GBP5.00$c0$e01-apr-2005$fGBP5.00$g0$hC$5Uk
=ACF  \\$aPrevious Copyright Fee: GBP5.00$c0$e01-jan-2005$fGBP5.00$g0$hC$5Uk
=ACF  \\$aPrevious Copyright Fee: GBP5.00$c0$e01-oct-2004$fGBP5.00$g0$hC$5Uk
=ACF  \\$aPrevious copyright fee: GBP5.00$c0$e01-jul-2002$fGBP5.00$g0$hC$5Uk
=ACF  \\$aCurrent copyright fee: GBP11.00$c0$e01-jul-2001$fGBP11.00$g0$hC$5Uk
=ACF  \\$aCurrent copyright fee: GBP1.20$c0$e01-jul-2000$fGBP1.20$g0$hC$5Uk
=ACF  \\$aPrevious copyright fee: GBP21.00$c2\0$e01-jan-2011$fGBP21.00$g0$hP$5Uk
=ACF  \\$aPrevious copyright fee: GBP23.00$c2\0$e01-jan-2012$fGBP23.00$g0$hP$5Uk
=ACF  \\$aPrevious copyright fee: GBP23.50$c2\0$e01-jan-2013$fGBP23.50$g0$hP$5Uk
=ACF  \\$aPrevious copyright fee: GBP24.00$c2\0$e01-jan-2014$fGBP24.00$g0$hP$5Uk
=ACF  \\$aPrevious copyright fee: GBP25.00$c2\0$e01-jan-2015$fGBP25.00$g0$hP$5Uk
=ACF  \\$aPrevious copyright fee: GBP26.00$c2\0$e01-jan-2016$fGBP26.00$g0$hP$5Uk
=ACF  \\$aPrevious copyright fee: GBP28.00$c2\0$e01-jan-2017$fGBP28.00$g0$hP$5Uk
=ACF  \\$aPrevious copyright fee: GBP30.00$c2\0$e01-jan-2018$fGBP30.00$g0$hP$5Uk
=ACF  \\$aPrevious copyright fee: GBP32.00$c2\0$e01-jan-2019$fGBP32.00$g0$hP$5Uk
=ACF  \\$aPrevious copyright fee: GBP34.00$c2\0$e01-jan-2020$fGBP34.00$g0$hP$5Uk
=CAT  \\$aWR09-126
=CAT  \\$aBATCH-UPD$b00$c20131119$lBLL01$h1959
=CAT  \\$aIPL-CLA$c20131231$lBLL01$h2329
=CAT  \\$aBATCH-CLA$b00$c20140125$lBLL01$h1316
=CAT  \\$aBATCH-CLA$c20140225$lBLL01$h2320
=CAT  \\$a11315$b40$c20140304$lBLL01$h1343
=CAT  \\$a11315$b40$c20140304$lBLL01$h1344
=CAT  \\$a11315$b40$c20140313$lBLL01$h0914
=CAT  \\$aBATCH-UPD$b40$c20141124$lBLL01$h1802
=CAT  \\$aBLDSS-3PM$b00$c20141130$lBLL01$h1248
=CAT  \\$aIPL-CLA$c20141231$lBLL01$h1650
=CAT  \\$aBATCH-UPD$b00$c20151119$lBLL01$h1543
=CAT  \\$aIPL-CLA$c20151231$lBLL01$h1919
=CAT  \\$aBATCH-UPD$b00$c20161122$lBLL01$h1512
=CAT  \\$aBATCH-UPD$b00$c20161122$lBLL01$h1610
=CAT  \\$aIPL-CLA$c20161230$lBLL01$h2115
=CAT  \\$aBATCH-UPD$b00$c20171121$lBLL01$h1646
=CAT  \\$aIPL-CLA$c20171231$lBLL01$h1625
=CAT  \\$aBATCH-UPD$b00$c20181217$lBLL01$h1637
=CAT  \\$aIPL-CLA$c20181231$lBLL01$h1540
=CAT  \\$aBATCH-UPD$b00$c20191122$lBLL01$h1859
=CAT  \\$aIPL-CLA$c20191231$lBLL01$h1923
=CAT  \\$aBATCH-UPD$b00$c20201118$lBLL01$h1333
=CAT  \\$aIPL-CLA$c20201231$lBLL01$h1528
=CAT  \\$aBATCH-UPD$b00$c20221121$lBLL01$h1346
=CAT  \\$aIPL-CLA$c20221231$lBLL01$h1444
=CFI  0\$aCurrent copyright fee: GBP37.00$c2\0$e01-jan-2023$fGBP37.00$g0$hP$5Uk
=CFI  2\$aPrevious copyright fee: GBP35.00$c2\0$e01-jan-2021$fGBP35.00$g0$hP$5Uk
=FFP  \\$aY$bBLDSS-3PM
=FIN  \\$aY
=FMT  \\$a  SE
=LAS  \\$aIPL-CLA$b00$c20221231$lBLL01$h1444
=LEO  \\$aMP5.0000804043
=LEO  \\$aMP10.0000339022
=LEO  \\$aMP13.0000316942
=LEO  \\$aMP22.0000037574
=SRC  \\$aBNB03$bbibmp5.200404.2.ab
=SRC  \\$aDSS01$bbibmp10.200404.2.aa
=SRC  \\$aHSS01$bbibmp13.200404.2.aa
=SRC  \\$aISN01$bbibmp22.200404.2.aa
=TCO  \\$aCLA$bCLA$c008
=TOC  \\$aETOC

