=LDR  04502cas a2201141 a 4500
=001  012482357
=003  Uk
=005  20230210010109.0
=006  ac\\\|||||||||||||
=007  ta
=008  850710d1983200uenk\x\\\\\\\\\0\\\a0eng\\
=015  \\$aGB9312520$2bnb
=019  y\$ab9312520
=019  9\$ab9312520
=019  1\$ab9312520
=019  c\$a2434435
=022  0\$a0267-677X
=039  0\$a2229
=040  \\$aUk$beng$cUk$dUk
=042  \\$aukblsr
=082  04$a700.5$220
=222  \0$aCultural notes
=245  00$aCultural notes.
=260  \\$aLondon :$bLibertarian Alliance,$c1983-
=300  \\$av. :$bports. ;$c30 cm.
=310  \\$aIrregular
=336  \\$atext$2rdacontent
=337  \\$aunmediated$2rdamedia
=338  \\$avolume$2rdacarrier
=500  \\$aDescription based on: No. 23.
=540  \\$aCurrent Copyright Fee: GBP25.00$c0$5Uk
=580  \\$aSubsequently issued online only.
=650  \0$aLibertarianism$xPeriodicals
=650  \0$aPolitics and culture$xPeriodicals
=650  \0$aArts and morals$xPeriodicals
=650  \0$aPopular culture$xPeriodicals
=653  1\$aArts
=710  2\$aLibertarian Alliance.
=776  0\$tCultural notes (Online)$x2042-2539
=785  00$tCultural notes (Online)$x2042-2539
=852  41$aBritish Library$bHMNTS$jZK.9.b.4267$3No. 2 [19uu]-issue 38 (1997); issue 47 (2002)
=852  41$aBritish Library$bDSC$j3491.668210$3No. 38 (1998)-no. 39 (1998); no. 41 (1998)-no. 44 (1998); no. 47 (2002)
=945  \\$aCULTURAL NOTES- LIBERTARIAN ALLIANCE.
=959  \\$fHeld but not currently received
=963  \\$aNO. 8, 1986- *A=1$bN$cU
=985  \\$aResponsibility for ISSN transferred to ISSN International Centre from ISSN UK Centre, 03/03/11.
=ACF  \\$aPrevious copyright fee: GBP5.00$c0$e01-jul-2002$fGBP5.00$g0$hC$5Uk
=ACF  \\$aCurrent copyright fee: GBP4.40$c0$e01-jul-1998$fGBP4.40$g0$hA$5Uk
=ACF  \\$aCurrent copyright fee: GBP4.20$c0$e01-apr-1997$fGBP4.20$g0$hA$5Uk
=ACF  \\$aPrevious copyright fee: GBP10.50$c0$e01-jan-2011$fGBP10.50$g0$hA$5Uk
=ACF  \\$aPrevious copyright fee: GBP12.00$c0$e01-jan-2012$fGBP12.00$g0$hA$5Uk
=ACF  \\$aPrevious Copyright Fee: GBP12.30$c0$e01-jan-2014$fGBP12.30$g0$hC$5Uk
=ACF  \\$aPrevious Copyright Fee: GBP15.00$c0$e01-jan-2017$fGBP15.00$g0$hC$5Uk
=ACF  \\$aPrevious Copyright Fee: GBP17.50$c0$e01-jan-2018$fGBP17.50$g0$hC$5Uk
=ACF  \\$aPrevious Copyright Fee: GBP20.00$c0$e01-jan-2020$fGBP20.00$g0$hC$5Uk
=ACF  \\$aPrevious Copyright Fee: GBP22.50$c0$e01-jan-2021$fGBP22.50$g0$hC$5Uk
=CAT  \\$aWR09-126
=CAT  \\$a11315$b40$c20090925$lBLL01$h1125
=CAT  \\$aBATCH$b00$c20091210$lBLL01$h2338
=CAT  \\$a7792$b40$c20101122$lBLL01$h1113
=CAT  \\$aBATCH-UPD$b40$c20101201$lBLL01$h1248
=CAT  \\$aIPL-CLA$c20101231$lBLL01$h1509
=CAT  \\$a5997$b40$c20110119$lBLL01$h1208
=CAT  \\$a5997$b40$c20110119$lBLL01$h1400
=CAT  \\$a11315$b40$c20110303$lBLL01$h1546
=CAT  \\$aWR11_203$c20111204$lBLL01$h1507
=CAT  \\$aIPL-CLA$c20111230$lBLL01$h2015
=CAT  \\$aBATCH-CLA$b00$c20121109$lBLL01$h1732
=CAT  \\$aWR13.005$c20130323$lBLL01$h1514
=CAT  \\$aBATCH-CLA$b00$c20131129$lBLL01$h1648
=CAT  \\$aIPL-CLA$c20131231$lBLL01$h2330
=CAT  \\$aWR14_140$c20140905$lBLL01$h1802
=CAT  \\$aBATCH-CLA$b00$c20161130$lBLL01$h1633
=CAT  \\$aIPL-CLA$c20161230$lBLL01$h2116
=CAT  \\$aBATCH-CLA$b00$c20171130$lBLL01$h1706
=CAT  \\$aIPL-CLA$c20171231$lBLL01$h1625
=CAT  \\$aBATCH-CLA$b00$c20191129$lBLL01$h1622
=CAT  \\$aIPL-CLA$c20191231$lBLL01$h1923
=CAT  \\$aBATCH-CLA$b00$c20201126$lBLL01$h1409
=CAT  \\$aIPL-CLA$c20201231$lBLL01$h2146
=CAT  \\$aBATCH-CLA$b00$c20221130$lBLL01$h1420
=CAT  \\$aIPL-CLA$c20221231$lBLL01$h2049
=CAT  \\$aBATCH-CLA$b00$c20230209$lBLL01$h1508
=CAT  \\$aIPL-CLA$c20230210$lBLL01$h0101
=CFI  0\$aCurrent Copyright Fee: GBP25.00$c0$e09-feb-2023$fGBP25.00$g0$hC$5Uk
=CFI  2\$aBritish Library not licensed to copy$c0$e01-jan-2023$hC$iCFP Excluded$5Uk
=FIN  \\$aY
=FMT  \\$a  SE
=LAS  \\$aIPL-CLA$b00$c20230210$lBLL01$h0101
=LEO  \\$aMP10.0000175614
=LEO  \\$aMP5.0000805665
=LEO  \\$aMP13.0000317964
=LEO  \\$aMP22.0000015357
=SRC  \\$aDSS01$bbibmp10.200404.2.aa
=SRC  \\$aBNB03$bbibmp5.200404.2.ab
=SRC  \\$aHSS01$bbibmp13.200404.2.aa
=SRC  \\$aISN01$bbibmp22.200404.2.aa
=TCO  \\$aCLA$bCLA$c008

