=LDR  04260cas a2201057 a 4500
=001  012483799
=003  Uk
=005  20221231204934.0
=006  aa\\\|||||||||||||
=007  ta
=008  850710d1987200uenk\x\p\\\\\\\0\\\a0eng\\
=015  \\$aGB9323034$2bnb
=019  y\$ab9323034
=019  9\$ab9323034
=019  1\$ab9323034
=019  c\$a2315393
=022  0\$a0267-7067
=039  0\$a2236
=040  \\$aUk$cUk$dUk
=082  04$a500$220
=222  \0$aScientific notes
=245  00$aScientific notes.
=260  \\$aLondon :$bLibertarian Alliance,$c[1987]-
=336  \\$atext$2rdacontent
=337  \\$aunmediated$2rdamedia
=338  \\$avolume$2rdacarrier
=540  \\$aCurrent Copyright Fee: GBP25.00$c0$5Uk
=580  \\$aBeginning with no. 14 (2006)? issued online only.
=650  \0$aScience$xPhilosophy$vPeriodicals.
=650  \0$aLibertarianism$vPeriodicals.
=650  \0$aScience$xControversial literature$vPeriodicals.
=710  2\$aLibertarian Alliance.
=785  10$tScientific notes (Online)$x2040-5774
=852  41$aBritish Library$bDSC$j8186.140000$3NO. 9, 1992; 11, 1994- 13, 2001
=852  41$aBritish Library$bHMNTS$jZK.9.b.5354$3No. 1-Number 13 (2001)
=945  \\$aSCIENTIFIC NOTES -LONDON-.
=959  \\$fHeld but not currently received
=963  \\$aNO. 1, [1987]- *A=1$bN$cU
=985  \\$aResponsibility for ISSN transferred to ISSN International Centre from ISSN UK Centre, 04/03/11.
=985  \\$aRecord merged by DQ team
=ACF  \\$aPrevious copyright fee: GBP9.00$c0$e01-apr-2010$fGBP9.00$g0$hA$5Uk
=ACF  \\$aPrevious copyright fee: GBP6.00$c0$e01-apr-2008$fGBP6.00$g0$hA$5Uk
=ACF  \\$aPrevious copyright fee: GBP5.00$c0$e01-jul-2002$fGBP5.00$g0$hA$5Uk
=ACF  \\$aCurrent copyright fee: GBP4.40$c0$e01-jul-1998$fGBP4.40$g0$hA$5Uk
=ACF  \\$aCurrent copyright fee: GBP4.20$c0$e01-apr-1997$fGBP4.20$g0$hA$5Uk
=ACF  \\$aPrevious copyright fee: GBP10.50$c0$e01-jan-2011$fGBP10.50$g0$hA$5Uk
=ACF  \\$aPrevious copyright fee: GBP12.00$c0$e01-jan-2012$fGBP12.00$g0$hA$5Uk
=ACF  \\$aPrevious Copyright Fee: GBP12.30$c0$e01-jan-2014$fGBP12.30$g0$hA$5Uk
=ACF  \\$aPrevious Copyright Fee: GBP15.00$c0$e01-jan-2017$fGBP15.00$g0$hA$5Uk
=ACF  \\$aPrevious Copyright Fee: GBP17.50$c0$e01-jan-2018$fGBP17.50$g0$hA$5Uk
=ACF  \\$aPrevious Copyright Fee: GBP20.00$c0$e01-jan-2020$fGBP20.00$g0$hA$5Uk
=CAT  \\$aCONV$b00$c20040425$lBLL90$h0726
=CAT  \\$aBATCH$b00$c20100401$lBLL01$h0553
=CAT  \\$aBATCH$b00$c20100401$lBLL01$h1625
=CAT  \\$aBATCH-UPD$b00$c20101124$lBLL01$h1944
=CAT  \\$aBATCH-UPD$b00$c20101125$lBLL01$h1211
=CAT  \\$aIPL-CLA$c20101231$lBLL01$h1510
=CAT  \\$a11315$b40$c20110304$lBLL01$h1443
=CAT  \\$aWR11_203$c20111204$lBLL01$h1507
=CAT  \\$aIPL-CLA$c20111230$lBLL01$h2015
=CAT  \\$a9572$b40$c20120328$lBLL01$h1134
=CAT  \\$aBATCH-CLA$b00$c20121109$lBLL01$h1732
=CAT  \\$aWR13.005$c20130323$lBLL01$h1514
=CAT  \\$aBATCH-CLA$c20131220$lBLL01$h2024
=CAT  \\$aIPL-CLA$c20131231$lBLL01$h2330
=CAT  \\$aWR14_140$c20140905$lBLL01$h1803
=CAT  \\$aBATCH-CLA$b00$c20161222$lBLL01$h1801
=CAT  \\$aIPL-CLA$c20161230$lBLL01$h2116
=CAT  \\$aBATCH-CLA$b00$c20171222$lBLL01$h2121
=CAT  \\$aIPL-CLA$c20171231$lBLL01$h1625
=CAT  \\$aBATCH-CLA$b00$c20191219$lBLL01$h1729
=CAT  \\$aIPL-CLA$c20191231$lBLL01$h1923
=CAT  \\$aR2001-1524$c20200127$lBLL01$h2001
=CAT  \\$aBATCH-CLA$b00$c20201204$lBLL01$h1529
=CAT  \\$aIPL-CLA$c20201231$lBLL01$h2146
=CAT  \\$aBATCH-CLA$b00$c20221221$lBLL01$h1837
=CAT  \\$aIPL-CLA$c20221231$lBLL01$h2049
=CFI  0\$aCurrent Copyright Fee: GBP25.00$c0$e01-jan-2023$fGBP25.00$g0$hA$5Uk
=CFI  2\$aPrevious Copyright Fee: GBP22.50$c0$e01-jan-2021$fGBP22.50$g0$hA$5Uk
=FIN  \\$aY
=FMT  \\$a  SE
=LAS  \\$aIPL-CLA$b00$c20221231$lBLL01$h2049
=LEO  \\$aMP5.0000807503
=LEO  \\$aMP13.0000319420
=LEO  \\$aMP22.0000015385
=LEO  \\$aMP10.0000525537
=SRC  \\$aDSS01$bbibmp10.200404.2.aa
=SRC  \\$aBNB03$bbibmp5.200404.2.ab
=SRC  \\$aHSS01$bbibmp13.200404.2.aa
=SRC  \\$aISN01$bbibmp22.200404.2.aa
=TCO  \\$aCLA$bCLA$c008

