=LDR  07600 as a22014657a 4500
=001  012483941
=003  Uk
=005  20070412090707.0
=007  ta
=008  930518d19931997enkgr\\\\\\\\\0\\\a0eng\\
=015  \\$aGB9323965$2bnb
=019  y\$ab9323965
=019  9\$ab9323965
=019  c\$a2474169
=019  1\$ab9323965
=022  0\$a0967-9863
=039  0\$a2237
=040  \\$aUk$cUk$dUk
=082  04$a378.3$220
=210  0\$aAward. first degree study Commonw. Univ.
=222  \0$aAwards for first degree study at Commonwealth universities
=245  00$aAwards for first degree study at Commonwealth universities.
=260  \\$aLondon (36 Gordon Sq., WC1H 0PF) :$bAssociation of Commonwealth Universities,$c1993-1997.
=300  \\$a3 v. ;$c21cm.
=310  \\$aBiennial
=336  \\$atext$2rdacontent
=337  \\$aunmediated$2rdamedia
=338  \\$avolume$2rdacarrier
=362  0\$a9th ed. (1993/95)-1997/1999.
=490  0\$aACU awards series
=540  \\$aBritish Library not licensed to copy$c0$5Uk
=580  \\$aContinues: Financial aid for first degree study at Commonwealth universities.
=580  \\$aMerged with : Awards for postgraduate study at Commonwealth universities, and : Awards for University teachers and research workers, to become : International awards.
=595  \\$aFORMERLY 3926.9365 UP TO 1990/1992.
=653  1\$aCommonwealth countries$aHigher education$aAwards
=710  2\$aAssociation of Commonwealth Universities.
=730  0\$aFinancial aid for first degree study at Commonwealth universities,$x0260-0749.
=730  0\$aInternational awards,$x1477-3465.
=780  00$tFinancial aid for first degree study at Commonwealth universities$x0260-0749
=785  07$tAwards for postgraduate study at Commonwealth Universities$x0960-7986
=785  07$tAwards for university teachers and research workers$x0964-2706
=785  07$tInternational awards$x1477-3465
=852  41$aBritish Library$bDSC$j1840.558000$31993/1995- 1997/1999 *A=1
=852  41$aBritish Library$bHMNTS$jP.511/5252$39th ed. (1993-95)-1997/1999
=945  \\$aAWARDS FOR FIRST DEGREE STUDY AT COMMONWEALTH UNIVERSITIES.
=959  \\$fHeld but not currently received
=985  \\$aResponsibility for ISSN transferred to IC from ISSN UK, 12.04.07
=A02  \\$a2474169
=ACF  \\$aBritish Library not licensed to copy$c0$e01-apr-2012$hC$iCLA Excluded$5Uk
=ACF  \\$aBritish Library not licensed to copy$c0$e01-jan-2012$hC$iCLA Excluded$5Uk
=ACF  \\$aBritish Library not licensed to copy$c0$e01-oct-2011$hC$iCLA Excluded$5Uk
=ACF  \\$aBritish Library not licensed to copy$c0$e01-jul-2011$hC$iCLA Excluded$5Uk
=ACF  \\$aBritish Library not licensed to copy$c0$e01-apr-2011$hC$iCLA Excluded$5Uk
=ACF  \\$aBritish Library not licensed to copy$c0$e01-jan-2011$hC$iCLA Excluded$5Uk
=ACF  \\$aBritish Library not licensed to copy$c0$e01-oct-2010$hC$iCLA Excluded$5Uk
=ACF  \\$aBritish Library not licensed to copy$c0$e01-jul-2010$hC$iCLA Excluded$5Uk
=ACF  \\$aBritish Library not licensed to copy$c0$e01-apr-2010$hC$iCLA Excluded$5Uk
=ACF  \\$aBritish Library not licensed to copy$c0$e01-Jan-2010$hC$iCLA Excluded$5Uk
=ACF  \\$aBritish Library not licensed to copy$c0$e01-oct-2009$hC$iCLA Excluded$5Uk
=ACF  \\$aBritish Library not licensed to copy$c0$e01-jul-2009$hC$iCLA Excluded$5Uk
=ACF  \\$aBritish Library not licensed to copy$c0$e01-apr-2009$hC$iCLA Excluded$5Uk
=ACF  \\$aBritish Library not licensed to copy$c0$e01-jan-2009$hC$iCLA Excluded$5Uk
=ACF  \\$aBritish Library not licensed to copy$c0$e01-oct-2008$hC$iCLA Excluded$5Uk
=ACF  \\$aBritish Library not licensed to copy$c0$e01-jul-2008$hC$iCLA Excluded$5Uk
=ACF  \\$aBritish Library not licensed to copy$c0$e01-apr-2008$hC$iCLA Excluded$5Uk
=ACF  \\$aBritish Library not licensed to copy$c0$e01-jan-2008$hC$iCLA Excluded$5Uk
=ACF  \\$aBritish Library not licensed to copy$c0$e01-oct-2007$hC$iCLA Excluded$5Uk
=ACF  \\$aBritish Library not licensed to copy$c0$e01-jul-2007$hC$iCLA Excluded$5Uk
=ACF  \\$aBritish Library not licensed to copy$c0$e01-apr-2007$hC$iCLA Excluded$5Uk
=ACF  \\$aBritish Library not licensed to copy$c0$e01-jan-2007$hC$iCLA Excluded$5Uk
=ACF  \\$aBritish Library not licensed to copy$c0$e01-oct-2006$hC$iCLA Excluded$5Uk
=ACF  \\$aBritish Library not licensed to copy$c0$e01-jul-2006$hC$iCLA Excluded$5Uk
=ACF  \\$aBritish Library not licensed to copy$c0$e01-apr-2006$hC$iCLA Excluded$5Uk
=ACF  \\$aBritish Library not licensed to copy$c0$e01-jan-2006$hC$iCLA Excluded$5Uk
=ACF  \\$aBritish Library not licensed to copy$c0$e01-oct-2005$hC$iCLA Excluded$5Uk
=ACF  \\$aBritish Library not licensed to copy$c0$e01-jul-2005$hC$iCLA Excluded$5Uk
=ACF  \\$aBritish Library not licensed to copy$c0$e01-apr-2005$hC$iCLA Excluded$5Uk
=ACF  \\$aBritish Library not licensed to copy$c0$e01-jan-2005$hC$iCLA Excluded$5Uk
=ACF  \\$aBritish Library not licensed to copy$c0$e01-oct-2004$hC$iCLA Excluded$5Uk
=ACF  \\$aBritish Library not licensed to copy$c0$e29-may-2002$g0$hC$iCLA-excluded$5Uk
=ACF  \\$aCurrent copyright fee: GBP5.00$c0$e24-may-2002$fGBP5.00$g0$hC$5Uk
=ACF  \\$aBritish Library not licensed to copy$c0$e01-apr-1997$g0$iCLA-excluded$5Uk
=ACF  \\$aBritish Library not licensed to copy$c0$e01-jul-2012$hC$iCLA Excluded$5Uk
=CAT  \\$aWR09-126
=CAT  \\$aIPL-CLA$c20100630$lBLL01$h2028
=CAT  \\$aBATCH-CLA$b00$c20100831$lBLL01$h1535
=CAT  \\$aIPL-CLA$c20100930$lBLL01$h1524
=CAT  \\$aBATCH-CLA$b00$c20101115$lBLL01$h1549
=CAT  \\$aIPL-CLA$c20101231$lBLL01$h1510
=CAT  \\$aBATCH-CLA$b00$c20110228$lBLL01$h1546
=CAT  \\$aIPL-CLA$c20110331$lBLL01$h1502
=CAT  \\$aBATCH-CLA$b00$c20110531$lBLL01$h1643
=CAT  \\$aIPL-CLA$c20110630$lBLL01$h1542
=CAT  \\$aBATCH-CLA$b00$c20110831$lBLL01$h1759
=CAT  \\$aIPL-CLA$c20110930$lBLL01$h1546
=CAT  \\$aBATCH-CLA$b00$c20111130$lBLL01$h1157
=CAT  \\$aIPL-CLA$c20111230$lBLL01$h2015
=CAT  \\$aBATCH-CLA$b00$c20120229$lBLL01$h1601
=CAT  \\$aIPL-CLA$c20120330$lBLL01$h1433
=CAT  \\$aBATCH-CLA$b00$c20120531$lBLL01$h1715
=CAT  \\$aIPL-CLA$c20120629$lBLL01$h1031
=CAT  \\$aBATCH-CLA$b00$c20120831$lBLL01$h1545
=CAT  \\$aIPL-CLA$c20120930$lBLL01$h2116
=CAT  \\$aBATCH-CLA$b00$c20121109$lBLL01$h1732
=CAT  \\$aWR12_128$c20121113$lBLL01$h1838
=CAT  \\$aWR13.005$c20130323$lBLL01$h1514
=CAT  \\$aBATCH-CLA$b00$c20131129$lBLL01$h1655
=CAT  \\$aIPL-CLA$c20131231$lBLL01$h2330
=CAT  \\$aWR14_140$c20140905$lBLL01$h1803
=CFI  0\$aBritish Library not licensed to copy$c0$e01-jan-2014$hC$iCFP Excluded$5Uk
=CFI  2\$aBritish Library not licensed to copy$c0$e01-oct-2012$hC$iCFP Excluded$5Uk
=FIN  \\$aY
=FMT  \\$a  SE
=LAS  \\$aWR14_140$b00$c20140905$lBLL01$h1803
=LEO  \\$aMP5.0000807692
=LEO  \\$aMP10.0000085823
=LEO  \\$aMP13.0000319564
=LEO  \\$aMP22.0000039125
=LKR  \\$aPAR$b008786724$lBLL01$r78000$mAwards for first degree study at Commonwealth universities$nFinancial aid for first degree study at Commonwealth universities
=LKR  \\$aPAR$b009914075$r785$mAwards for first degree study at Commonwealth universities.$nInternational awards ...
=SRC  \\$aBNB03$bbibmp5.200404.2.ab
=SRC  \\$aDSS01$bbibmp10.200404.2.aa
=SRC  \\$aHSS01$bbibmp13.200404.2.aa
=SRC  \\$aISN01$bbibmp22.200404.2.aa
=TCO  \\$aCLA$bCLA$c008

