=LDR  01977 as a2200625 a 4500
=001  012484050
=003  Uk
=005  20101215124408.0
=006  aab\\|||||||||||||
=007  ta
=008  930427d198u2010enkqr\p\\\\\\\0\\\a0eng\\
=015  \\$aGB9325134$2bnb
=019  y\$ab9325134
=019  9\$ab9325134
=019  1\$ab9325134
=022  0\$a0966-5714
=039  0\$a2238
=040  \\$aUk$beng$cUk$dUk
=042  \\$aukblsr
=082  04$a369.463$220
=110  2\$aWorld Association of Girl Guides and Girl Scouts.
=222  \0$aOur world news
=245  10$aOur world news.
=260  \\$aLondon :$bWorld Association of Girl Guides and Girl Scouts,$c-[2010]
=300  \\$av. :$bill., maps ;$c30 cm.
=310  \\$aQuarterly,$b2000-2010
=321  \\$aSix issues yearly,$b-1999
=336  \\$atext$2rdacontent
=337  \\$aunmediated$2rdamedia
=338  \\$avolume$2rdacarrier
=362  1\$aBegan in 1985?
=362  1\$aCeased with June 2010 issue.
=500  \\$aDescription based on: No. 31 (Feb. 1991).
=610  20$aWorld Association of Girl Guides and Girl Scouts$vPeriodicals.
=653  1\$aGirls' organisations
=785  00$tOur world (London, England)
=852  41$aBritish Library$bHMNTS$jZK.9.b.5638$3No. 31 (Feb. 1991)-June (2010)
=985  \\$aISSN IC responsibility.
=985  \\$aRecord merged by DQ team
=CAT  \\$aCONV$b00$c20040425$lBLL90$h0726
=CAT  \\$aCONV$b00$c20040502$lBLL01$h1510
=CAT  \\$a8874$b40$c20090729$lBLL01$h0914
=CAT  \\$aBATCH$b00$c20091210$lBLL01$h2338
=CAT  \\$a11205$b40$c20101215$lBLL01$h1227
=CAT  \\$a11205$b40$c20101215$lBLL01$h1244
=CAT  \\$aWR14_140$c20140905$lBLL01$h1803
=FIN  \\$aY
=FMT  \\$a  SE
=LAS  \\$aWR14_140$b00$c20140905$lBLL01$h1803
=LEO  \\$aMP5.0000807851
=LEO  \\$aMP13.0000319674
=SRC  \\$aBNB03$bbibmp5.200404.2.ab
=SRC  \\$aHSS01$bbibmp13.200404.2.aa
=SRC  \\$aDSS04$bbibld.200404.2.aa
=TCO  \\$aCLA$bCLA$c008

