=LDR  05199cas a2201213 a 4500
=001  012484165
=003  Uk
=005  20230210010116.0
=007  ta
=008  880802d1986200uenk\x\p\\\\\\\0\\\a0eng\\
=015  \\$aGB9326045$2bnb
=019  y\$ab9326045
=019  9\$ab9326045
=019  1\$ab9326045
=019  c\$a2434557
=022  1\$a0267-7105
=039  0\$a2239
=040  \\$aUk$beng$cUk$dUk
=042  \\$aukblsr
=082  04$a909$220
=222  \0$aHistorical notes
=245  00$aHistorical notes.
=260  \\$aLondon :$bLibertarian Alliance,$c1986-
=300  \\$av. ;$ccm.
=310  \\$aIrregular
=336  \\$atext$2rdacontent
=337  \\$aunmediated$2rdamedia
=338  \\$avolume$2rdacarrier
=500  \\$aDescription based on: No. 14.
=540  \\$aCurrent Copyright Fee: GBP25.00$c0$5Uk
=580  \\$aSubsequently issued online only.
=653  1\$aHistory
=710  2\$aLibertarian Alliance.
=776  0\$tHistorical notes (Online)$x2042-2571
=785  10$tHistorical notes (Online)$x2042-2571
=852  41$aBritish Library$bDSC$j4316.581000$3No. 19 (1992); no. 30 (1998); no. 32 (1998)-no. 33 (1999)
=852  41$aBritish Library$bHMNTS$jZK.9.b.5252$3No. 2 [19uu]-issue 42 (2002)
=945  \\$aHISTORICAL NOTES- LIBERTARIAN ALLIANCE.
=959  \\$fHeld but not currently received
=963  \\$aNO. 1, 1986- *A=1$bN$cU
=985  \\$aResponsibility for ISSN transferred to ISSN International Centre from ISSN UK Centre, 04/03/11.
=ACF  \\$aPrevious Copyright Fee: GBP12.00$c0$e01-apr-2012$fGBP12.00$g0$hC$5Uk
=ACF  \\$aPrevious Copyright Fee: GBP12.00$c0$e01-jan-2012$fGBP12.00$g0$hC$5Uk
=ACF  \\$aPrevious Copyright Fee: GBP10.50$c0$e01-oct-2011$fGBP10.50$g0$hC$5Uk
=ACF  \\$aPrevious Copyright Fee: GBP10.50$c0$e01-jul-2011$fGBP10.50$g0$hC$5Uk
=ACF  \\$aPrevious Copyright Fee: GBP10.50$c0$e01-apr-2011$fGBP10.50$g0$hC$5Uk
=ACF  \\$aPrevious Copyright Fee: GBP10.50$c0$e01-jan-2011$fGBP10.50$g0$hC$5Uk
=ACF  \\$aPrevious Copyright Fee: GBP9.00$c0$e01-oct-2010$fGBP9.00$g0$hC$5Uk
=ACF  \\$aPrevious Copyright Fee: GBP9.00$c0$e01-jul-2010$fGBP9.00$g0$hC$5Uk
=ACF  \\$aPrevious Copyright Fee: GBP9.00$c0$e01-apr-2010$fGBP9.00$g0$hC$5Uk
=ACF  \\$aPrevious Copyright Fee: GBP9.00$c0$e01-Jan-2010$fGBP9.00$g0$hC$5Uk
=ACF  \\$aPrevious Copyright Fee: GBP6.00$c0$e01-oct-2009$fGBP6.00$g0$hC$5Uk
=ACF  \\$aPrevious copyright fee: GBP5.00$c0$e01-jan-2003$fGBP5.00$g0$hC$5Uk
=ACF  \\$aBritish Library not licensed to copy$c0$e24-may-2002$g0$hC$iCLA-excluded$5Uk
=ACF  \\$aCurrent copyright fee: GBP4.40$c0$e01-jul-1998$fGBP4.40$g0$hA$5Uk
=ACF  \\$aPrevious Copyright Fee: GBP12.00$c0$e01-jul-2012$fGBP12.00$g0$hC$5Uk
=ACF  \\$aPrevious Copyright Fee: GBP12.00$c0$e01-oct-2012$fGBP12.00$g0$hC$5Uk
=ACF  \\$aPrevious Copyright Fee: GBP12.30$c0$e01-jan-2014$fGBP12.30$g0$hC$5Uk
=ACF  \\$aPrevious Copyright Fee: GBP15.00$c0$e01-jan-2017$fGBP15.00$g0$hC$5Uk
=ACF  \\$aPrevious Copyright Fee: GBP17.50$c0$e01-jan-2018$fGBP17.50$g0$hC$5Uk
=ACF  \\$aPrevious Copyright Fee: GBP20.00$c0$e01-jan-2020$fGBP20.00$g0$hC$5Uk
=ACF  \\$aPrevious Copyright Fee: GBP22.50$c0$e01-jan-2021$fGBP22.50$g0$hC$5Uk
=CAT  \\$aWR09-126
=CAT  \\$aIPL-CLA$c20110930$lBLL01$h1546
=CAT  \\$aBATCH-CLA$b00$c20111130$lBLL01$h1218
=CAT  \\$aIPL-CLA$c20111230$lBLL01$h2015
=CAT  \\$aBATCH-CLA$b00$c20120229$lBLL01$h1635
=CAT  \\$aIPL-CLA$c20120330$lBLL01$h1433
=CAT  \\$aBATCH-CLA$b00$c20120531$lBLL01$h1711
=CAT  \\$aIPL-CLA$c20120629$lBLL01$h1031
=CAT  \\$aBATCH-CLA$b00$c20120831$lBLL01$h1534
=CAT  \\$aIPL-CLA$c20120930$lBLL01$h2116
=CAT  \\$aBATCH-CLA$b00$c20121109$lBLL01$h1732
=CAT  \\$a7792$b40$c20121227$lBLL01$h1237
=CAT  \\$aWR13.005$c20130323$lBLL01$h1514
=CAT  \\$aBATCH-CLA$b00$c20131129$lBLL01$h1638
=CAT  \\$aIPL-CLA$c20131231$lBLL01$h2330
=CAT  \\$aWR14_140$c20140905$lBLL01$h1803
=CAT  \\$aBATCH-CLA$b00$c20161130$lBLL01$h1633
=CAT  \\$aIPL-CLA$c20161230$lBLL01$h2116
=CAT  \\$aBATCH-CLA$b00$c20171130$lBLL01$h1704
=CAT  \\$aIPL-CLA$c20171231$lBLL01$h1625
=CAT  \\$aBATCH-CLA$b00$c20191129$lBLL01$h1623
=CAT  \\$aIPL-CLA$c20191231$lBLL01$h1923
=CAT  \\$aBATCH-CLA$b00$c20201126$lBLL01$h1404
=CAT  \\$aIPL-CLA$c20201231$lBLL01$h2146
=CAT  \\$aBATCH-CLA$b00$c20221130$lBLL01$h1434
=CAT  \\$aIPL-CLA$c20221231$lBLL01$h2049
=CAT  \\$aBATCH-CLA$b00$c20230209$lBLL01$h1521
=CAT  \\$aIPL-CLA$c20230210$lBLL01$h0101
=CFI  0\$aCurrent Copyright Fee: GBP25.00$c0$e09-feb-2023$fGBP25.00$g0$hC$5Uk
=CFI  2\$aBritish Library not licensed to copy$c0$e01-jan-2023$hC$iCFP Excluded$5Uk
=FIN  \\$aY
=FMT  \\$a  SE
=LAS  \\$aIPL-CLA$b00$c20230210$lBLL01$h0101
=LEO  \\$aMP10.0000266402
=LEO  \\$aMP5.0000808055
=LEO  \\$aMP13.0000319792
=LEO  \\$aMP22.0000015388
=SRC  \\$aDSS01$bbibmp10.200404.2.aa
=SRC  \\$aBNB03$bbibmp5.200404.2.ab
=SRC  \\$aHSS01$bbibmp13.200404.2.aa
=SRC  \\$aISN01$bbibmp22.200404.2.aa
=TCO  \\$aCLA$bCLA$c008

