=LDR  06038 as a2201405 a 4500
=001  012485379
=003  Uk
=005  20070614105706.0
=006  aa\\\|||||||||||||
=007  ta
=008  930812c19929999cc\mr\p\\\\\\\0\\\a0eng\\
=015  \\$aGB9337622$2bnb
=019  c\$a2466396
=019  0\$as623944006
=019  y\$ab9337622
=019  9\$ab9337622
=019  1\$ab9337622
=022  0\$a1350-6390
=039  0\$a2248
=040  \\$aUk$cUk$dUk
=082  04$a330.951005$220
=084  \\$aAM 50(CHN)$2blsrissc
=130  0\$aChina economic review (London, England)
=210  0\$aChina econ. rev.$b(Lond.)
=222  \0$aChina economic review$b(London)
=245  00$aChina economic review.
=260  \\$aLondon :$bAlain Charles,$c[1992?]-
=260  3\$32003-$aHong Kong :$bChina Economic Review Ltd.
=300  \\$av. :$bill. ;$c28 cm.
=310  \\$aMonthly
=336  \\$atext$2rdacontent
=337  \\$aunmediated$2rdamedia
=338  \\$avolume$2rdacarrier
=362  0\$a[Oct. 1992?]-
=500  \\$aDescription based on: Jan. 1993 issue.
=515  \\$aVol. numbering begins with vol. 6, no. 7, July 1996.
=540  \\$aCurrent Copyright Fee: GBP12.30$c0$5Uk
=580  \\$aContinues: Sdelano v Kitae.
=595  \\$aSEE ALSO CARD INDEX.
=651  \0$aChina$xEconomic conditions$y1976-2000$vPeriodicals.
=651  \0$aChina$xEconomic conditions$y2000-$vPeriodicals.
=651  \0$aChina$xEconomic policy$y1976-2000$vPeriodicals.
=651  \0$aChina$xEconomic policy$y2000-$vPeriodicals.
=651  \0$aChina$xCommerce$vPeriodicals.
=653  1\$aEconomic conditions
=653  1\$aChina
=690  7\$aManagement and Business Studies$2blcoll
=730  0\$aSdelano v kitae,$x0967-8182.
=780  10$tSdelano v Kitae$x0967-8182
=852  71$aBritish Library$bSTI$cRES$k(P)$hAM 50$m(CHN) -E(29)$2blsrissc$31993- ; Jan. 1993-June 1996; vol.6, no.7-***Earlier issues
=852  71$aBritish Library$bSTI$cRES$k(P)$hAM 50$m(CHN) -E(29)$2blsrissc$31993-Volume 13, Part 7 (2003); Jan. 1993-June 1996; vol.6, no.7-
=852  41$aBritish Library$bHMNTS$jZC.9.a.3437$3[Oct. 1992?]-
=886  2\$2blmarc$a092$b00$a3180.138150n
=945  \\$aCHINA ECONOMIC REVIEW -LONDON-.
=957  \\$aCR
=963  \\$aOCT. 1992- *A=1$bN$cL227.B.3419
=979  \\$aBritish Library$bDSC$j3180.138150N$xNot selected
=985  \\$aResponsibility for ISSN transferred to the International Centre from ISSN UK, 14.06.07.
=ACF  \\$aPrevious Copyright Fee: GBP12.00$c0$e01-apr-2012$fGBP12.00$g0$hC$5Uk
=ACF  \\$aPrevious Copyright Fee: GBP12.00$c0$e01-jan-2012$fGBP12.00$g0$hC$5Uk
=ACF  \\$aPrevious Copyright Fee: GBP10.50$c0$e01-oct-2011$fGBP10.50$g0$hC$5Uk
=ACF  \\$aPrevious Copyright Fee: GBP10.50$c0$e01-jul-2011$fGBP10.50$g0$hC$5Uk
=ACF  \\$aPrevious Copyright Fee: GBP10.50$c0$e01-apr-2011$fGBP10.50$g0$hC$5Uk
=ACF  \\$aPrevious Copyright Fee: GBP10.50$c0$e01-jan-2011$fGBP10.50$g0$hC$5Uk
=ACF  \\$aPrevious Copyright Fee: GBP9.00$c0$e01-oct-2010$fGBP9.00$g0$hC$5Uk
=ACF  \\$aPrevious Copyright Fee: GBP9.00$c0$e01-jul-2010$fGBP9.00$g0$hC$5Uk
=ACF  \\$aPrevious Copyright Fee: GBP9.00$c0$e01-apr-2010$fGBP9.00$g0$hC$5Uk
=ACF  \\$aPrevious Copyright Fee: GBP9.00$c0$e01-Jan-2010$fGBP9.00$g0$hC$5Uk
=ACF  \\$aPrevious Copyright Fee: GBP6.00$c0$e01-oct-2009$fGBP6.00$g0$hC$5Uk
=ACF  \\$aPrevious Copyright Fee: GBP6.00$c0$e01-jul-2009$fGBP6.00$g0$hC$5Uk
=ACF  \\$aPrevious Copyright Fee: GBP6.00$c0$e01-apr-2009$fGBP6.00$g0$hC$5Uk
=ACF  \\$aPrevious Copyright Fee: GBP6.00$c0$e01-jan-2009$fGBP6.00$g0$hC$5Uk
=ACF  \\$aPrevious Copyright Fee: GBP6.00$c0$e01-oct-2008$fGBP6.00$g0$hC$5Uk
=ACF  \\$aPrevious copyright fee: GBP5.00$c0$e01-jul-2002$fGBP5.00$g0$hC$5Uk
=ACF  \\$aCurrent copyright fee: GBP4.40$c0$e01-jul-1998$fGBP4.40$g0$hA$5Uk
=ACF  \\$aCurrent copyright fee: GBP4.20$c0$e01-apr-1997$fGBP4.20$g0$hA$5Uk
=ACF  \\$aPrevious Copyright Fee: GBP12.00$c0$e01-jul-2012$fGBP12.00$g0$hC$5Uk
=CAT  \\$aWR09-126
=CAT  \\$aIPL-CLA$c20100630$lBLL01$h2028
=CAT  \\$aBATCH-CLA$b00$c20100831$lBLL01$h1524
=CAT  \\$aIPL-CLA$c20100930$lBLL01$h1524
=CAT  \\$aBATCH-CLA$b00$c20101115$lBLL01$h1601
=CAT  \\$aIPL-CLA$c20101231$lBLL01$h1510
=CAT  \\$aBATCH-CLA$b00$c20110228$lBLL01$h1538
=CAT  \\$aIPL-CLA$c20110331$lBLL01$h1502
=CAT  \\$aBATCH-CLA$b00$c20110531$lBLL01$h1638
=CAT  \\$aIPL-CLA$c20110630$lBLL01$h1542
=CAT  \\$aBATCH-CLA$b00$c20110831$lBLL01$h1749
=CAT  \\$aIPL-CLA$c20110930$lBLL01$h1546
=CAT  \\$aBATCH-CLA$b00$c20111130$lBLL01$h1158
=CAT  \\$aIPL-CLA$c20111230$lBLL01$h2016
=CAT  \\$aWR11_155$c20120104$lBLL01$h1853
=CAT  \\$aBATCH-CLA$b00$c20120229$lBLL01$h1612
=CAT  \\$aIPL-CLA$c20120330$lBLL01$h1433
=CAT  \\$aBATCH-CLA$b00$c20120531$lBLL01$h1710
=CAT  \\$aIPL-CLA$c20120629$lBLL01$h1031
=CAT  \\$aBATCH-CLA$b00$c20120831$lBLL01$h1531
=CAT  \\$aIPL-CLA$c20120930$lBLL01$h2116
=CAT  \\$aBATCH-CLA$b00$c20121109$lBLL01$h1732
=CAT  \\$aWR13.005$c20130323$lBLL01$h1514
=CAT  \\$aBATCH-CLA$b00$c20131129$lBLL01$h1644
=CAT  \\$aIPL-CLA$c20131231$lBLL01$h2330
=CAT  \\$aWR14_140$c20140905$lBLL01$h1803
=CFI  0\$aCurrent Copyright Fee: GBP12.30$c0$e01-jan-2014$fGBP12.30$g0$hC$5Uk
=CFI  2\$aPrevious Copyright Fee: GBP12.00$c0$e01-oct-2012$fGBP12.00$g0$hC$5Uk
=FIN  \\$aY
=FMT  \\$a  SE
=LAS  \\$aWR14_140$b00$c20140905$lBLL01$h1803
=LEO  \\$aMP25.0000314969
=LEO  \\$aMP10.0000143404
=LEO  \\$aMP5.0000810094
=LEO  \\$aMP13.0000321036
=LEO  \\$aMP22.0000041070
=LKR  \\$aPAR$b012488933$lBLL01$r78010$mChina economic review (London)$nSdelano v Kitae
=SRC  \\$aSRI01$bbibmp25.200404.2.aa
=SRC  \\$aDSS01$bbibmp10.200404.2.aa
=SRC  \\$aBNB03$bbibmp5.200404.2.ab
=SRC  \\$aHSS01$bbibmp13.200404.2.aa
=SRC  \\$aISN01$bbibmp22.200404.2.aa
=TCO  \\$aZZZ$c008

