=LDR  04247cas a2201069 a 4500
=001  012531468
=003  Uk
=005  20221231205015.0
=007  ta
=008  770621d19701979enkf|\p\\\\\\\0\\\a0eng\\
=015  \\$aGB7123833$2bnb
=019  y\$aB7123833
=019  9\$ab7123833
=019  1\$ar6048975
=019  c\$a2085284
=022  0\$a0047-0589
=040  \\$aUk$cUk$dUk
=050  00$aTX1
=082  04$a341/.05$218
=210  0\$aInt. bar j.
=222  \0$aInternational bar journal
=245  00$aInternational bar journal.
=260  \\$aLondon ;$aNew York :$bInternational Bar Association,$c1970-
=300  \\$c21-24cm.
=336  \\$atext$2rdacontent
=337  \\$aunmediated$2rdamedia
=338  \\$avolume$2rdacarrier
=362  0\$a1 (June 1970)-
=540  \\$aCurrent Copyright Fee: GBP25.00$c0$5Uk
=595  \\$aCONTD IN 4542.870 1980-
=650  \0$aInternational law$vPeriodicals.
=653  \\$aInternational law$aPeriodicals
=710  2\$aInternational Bar Association.
=780  00$tInternational bar news. English text edition$x0538-5024
=780  00$tInternational bar news. French text edition$x0534-7483
=780  00$tInternational bar news. German text edition$x0534-7491
=780  00$tInternational bar news. Spanish text edition$x0534-7505
=785  00$tInternational bar news$x0143-7453
=852  41$aBritish Library$bDSC$j4536.540000$3No. 2 (1970)-Nov (1979)***UKRR Retained Title
=852  41$aBritish Library$bHMNTS$jP.201/307$3April, 1971-
=945  \\$aINTERNATIONAL BAR JOURNAL.
=959  \\$fHeld but not currently received
=963  \\$aVOL. 1(1), 1970- 1(2), 1970 *A=1; APR. 1971- NOV. 1979 *A=2$bN$cL250.B.208
=985  \\$aRecord merged by DQ team
=985  \\$aISSN responsibility held by ISSN International Centre 25.06.07
=ACF  \\$aPrevious Copyright Fee: GBP6.00$c0$e01-oct-2008$fGBP6.00$g0$hC$5Uk
=ACF  \\$aPrevious copyright fee: GBP10.50$c0$e01-jan-2011$fGBP10.50$g0$hA$5Uk
=ACF  \\$aPrevious copyright fee: GBP12.00$c0$e01-jan-2012$fGBP12.00$g0$hA$5Uk
=ACF  \\$aPrevious Copyright Fee: GBP12.30$c0$e01-jan-2014$fGBP12.30$g0$hA$5Uk
=ACF  \\$aPrevious Copyright Fee: GBP15.00$c0$e01-jan-2017$fGBP15.00$g0$hA$5Uk
=ACF  \\$aPrevious Copyright Fee: GBP17.50$c0$e01-jan-2018$fGBP17.50$g0$hA$5Uk
=ACF  \\$aPrevious Copyright Fee: GBP20.00$c0$e01-jan-2020$fGBP20.00$g0$hA$5Uk
=CAT  \\$aCONV$b00$c20040425$lBLL90$h0740
=CAT  \\$aBATCH-CLA$b00$c20080829$lBLL01$h1824
=CAT  \\$aBATCH-UPD$b00$c20081001$lBLL01$h0008
=CAT  \\$aBATCH$b00$c20081001$lBLL01$h0124
=CAT  \\$aBATCH$b00$c20091210$lBLL01$h2341
=CAT  \\$aBATCH-UPD$b00$c20101201$lBLL01$h1248
=CAT  \\$aIPL-CLA$c20101231$lBLL01$h1510
=CAT  \\$aWR11_203$c20111204$lBLL01$h1507
=CAT  \\$aIPL-CLA$c20111230$lBLL01$h2016
=CAT  \\$aBATCH-CLA$b00$c20121109$lBLL01$h1732
=CAT  \\$a8456$b40$c20130108$lBLL01$h1518
=CAT  \\$aWR13.005$c20130323$lBLL01$h1516
=CAT  \\$aBATCH-CLA$c20131220$lBLL01$h2024
=CAT  \\$aIPL-CLA$c20131231$lBLL01$h2331
=CAT  \\$aWR14_140$c20140905$lBLL01$h1804
=CAT  \\$aBATCH-CLA$b00$c20161222$lBLL01$h1801
=CAT  \\$aIPL-CLA$c20161230$lBLL01$h2117
=CAT  \\$aBATCH-CLA$b00$c20171222$lBLL01$h2121
=CAT  \\$aIPL-CLA$c20171231$lBLL01$h1626
=CAT  \\$aBATCH-CLA$b00$c20191219$lBLL01$h1729
=CAT  \\$aIPL-CLA$c20191231$lBLL01$h1924
=CAT  \\$aR2001-1524$c20200127$lBLL01$h2001
=CAT  \\$aBATCH-CLA$b00$c20201204$lBLL01$h1529
=CAT  \\$aIPL-CLA$c20201231$lBLL01$h2146
=CAT  \\$aBATCH-CLA$b00$c20221221$lBLL01$h1837
=CAT  \\$aIPL-CLA$c20221231$lBLL01$h2050
=CFI  0\$aCurrent Copyright Fee: GBP25.00$c0$e01-jan-2023$fGBP25.00$g0$hA$5Uk
=CFI  2\$aPrevious Copyright Fee: GBP22.50$c0$e01-jan-2021$fGBP22.50$g0$hA$5Uk
=FIN  \\$aY
=FMT  \\$a  SE
=LAS  \\$aIPL-CLA$b00$c20221231$lBLL01$h2050
=LEO  \\$aMP10.0000291034
=LEO  \\$aMP3.0000000334
=LEO  \\$aMP13.0000868651
=LEO  \\$aMP22.0000002361
=SRC  \\$aDSS01$bbibmp10.200404.2.aa
=SRC  \\$aBNB02$bbibmp3.200404.2.aa
=SRC  \\$aHSS01$bbibmp13.200404.2.ab
=SRC  \\$aISN01$bbibmp22.200404.2.aa
=TCO  \\$aCLA$bCLA$c008

