=LDR  05741cas a2201189 a 4500
=001  012753586
=003  Uk
=005  20211231171654.0
=007  ta
=008  930317d19921992enkmr\p\\\\\\\0\\\a0eng\\
=019  0\$as106654012
=022  0\$a0965-545X$y0032-3950
=040  \\$aUk$cUk$dUk
=041  1\$aeng$hrus
=082  04$a547.7$221
=084  \\$aMF 30$2blsrissc
=130  0\$aVysokomolekuli︠a︡rnye soedinenii︠a︡.$nSerii︠a︡ A.$lEnglish.
=210  0\$aPolym. sci.
=222  \0$aPolymer science
=245  10$aPolymer science.
=246  1\$iVol. 34, no. 1-2, have title:$aPolymer science USSR
=260  \\$aOxford :$bPergamon,$c1992.
=300  \\$av. :$bill. ;$c28 cm.
=310  \\$aMonthly
=336  \\$atext$2rdacontent
=337  \\$aunmediated$2rdamedia
=338  \\$avolume$2rdacarrier
=362  0\$aVol. 33, no. 2-v. 34, no. 12 (Dec. 1992).
=500  \\$aVol. 33 released one year behind the Russian original and carries its date (1991).
=500  \\$aEnglish translations of v. 34 published simultaneously with the Russian original in 1992 by Interperiodica and the Russian Academy of Sciences, Moscow.
=515  \\$aNumbering and dating of issues follow original.
=540  \\$aCurrent copyright fee: GBP34.30$c5\1$5Uk
=650  \0$aPolymers$vPeriodicals.
=650  \0$aPolymerization$vPeriodicals.
=710  2\$aRossiĭskai︠a︡ akademii︠a︡ nauk.
=765  0\$tVysokomolekuli︠a︡rnye soedinenii︠a︡. Serii︠a︡ A$x0507-5475
=780  00$tPolymer science U.S.S.R.$x0032-3950
=785  00$tVysokomolekuli︠a︡rnye soedinenii︠a︡. Serii︠a︡ A i serii︠a︡ B. Polymer science. Series A and Series B
=852  71$aBritish Library$bSTI$k(P)$hMF 30$m-E(2)$2blsrissc$31992-1992; Vol.33, no.2-12, 1991. ; Deficient: vol.34, 1992
=856  \\$31850-9999$uhttp://www.elsevier.com/journals$xBLDSS
=985  \\$aISSN responsibility taken by International ISSN Centre - 28.04.08
=ACF  \\$aPrevious Copyright Fee: GBP22.00$c0$e01-apr-2012$fGBP22.00$g0$hC$5Uk
=ACF  \\$aPrevious Copyright Fee: GBP22.00$c0$e01-jan-2012$fGBP22.00$g0$hC$5Uk
=ACF  \\$aPrevious Copyright Fee: GBP22.00$c0$e01-oct-2011$fGBP22.00$g0$hC$5Uk
=ACF  \\$aPrevious Copyright Fee: GBP22.00$c0$e01-jul-2011$fGBP22.00$g0$hC$5Uk
=ACF  \\$aPrevious Copyright Fee: GBP22.00$c0$e01-apr-2011$fGBP22.00$g0$hC$5Uk
=ACF  \\$aPrevious copyright fee: GBP10.50$c0$e01-jan-2011$fGBP10.50$g0$hA$5Uk
=ACF  \\$aPrevious Copyright Fee: GBP24.29$c0$e01-jul-2009$fGBP24.29$g0$hC$5Uk
=ACF  \\$aPrevious Copyright Fee: GBP24.29$c0$e01-apr-2009$fGBP24.29$g0$hC$5Uk
=ACF  \\$aPrevious Copyright Fee: GBP20.00$c0$e01-jan-2009$fGBP20.00$g0$hC$5Uk
=ACF  \\$aPrevious Copyright Fee: GBP0.88$c0$e01-oct-2008$fGBP0.88$g0$hC$5Uk
=ACF  \\$aPrevious Copyright Fee: GBP16.00$c0$e01-jan-2008$fGBP16.00$g0$hC$5Uk
=ACF  \\$aPrevious Copyright Fee: GBP16.00$c0$e01-jul-2007$fGBP16.00$g0$hC$5Uk
=ACF  \\$aPrevious Copyright Fee: GBP16.41$c0$e01-apr-2007$fGBP16.41$g0$hC$5Uk
=ACF  \\$aPrevious Copyright Fee: GBP16.22$c0$e01-oct-2006$fGBP16.22$g0$hC$5Uk
=ACF  \\$aPrevious Copyright Fee: GBP17.14$c0$e01-apr-2006$fGBP17.14$g0$hC$5Uk
=ACF  \\$aPrevious Copyright Fee: GBP16.67$c0$e01-jan-2006$fGBP16.67$g0$hC$5Uk
=ACF  \\$aPrevious Copyright Fee: GBP16.22$c0$e01-apr-2005$fGBP16.22$g0$hC$5Uk
=ACF  \\$aPrevious Copyright Fee: GBP16.67$c0$e01-jan-2005$fGBP16.67$g0$hC$5Uk
=ACF  \\$aPrevious Copyright Fee: GBP16.22$c0$e01-oct-2004$fGBP16.22$g0$hC$5Uk
=ACF  \\$aPrevious Copyright Fee: GBP22.00$c0$e01-oct-2012$fGBP22.00$g0$hC$5Uk
=ACF  \\$aPrevious Copyright Fee: GBP22.00$c0$e01-jul-2012$fGBP22.00$g0$hC$5Uk
=ACF  \\$aPrevious copyright fee: GBP21.00$c5\1$e18-dec-2012$fGBP21.00$g0$hP$5Uk
=ACF  \\$aPrevious copyright fee: GBP22.50$c5\1$e01-jan-2013$fGBP22.50$g0$hP$5Uk
=ACF  \\$aPrevious copyright fee: GBP23.40$c5\1$e01-jan-2018$fGBP23.40$g0$hP$5Uk
=CAT  \\$aCONV$b00$c20040425$lBLL90$h0851
=CAT  \\$aIPL-CLA$c20110630$lBLL01$h1542
=CAT  \\$aBATCH-CLA$b00$c20110831$lBLL01$h1814
=CAT  \\$aIPL-CLA$c20110930$lBLL01$h1547
=CAT  \\$aBATCH-CLA$b00$c20111130$lBLL01$h1220
=CAT  \\$aIPL-CLA$c20111230$lBLL01$h2017
=CAT  \\$aBATCH-CLA$b00$c20120229$lBLL01$h1638
=CAT  \\$aIPL-CLA$c20120330$lBLL01$h1434
=CAT  \\$aBATCH-CLA$b00$c20120531$lBLL01$h1708
=CAT  \\$aIPL-CLA$c20120629$lBLL01$h1032
=CAT  \\$aBATCH-CLA$b00$c20120831$lBLL01$h1527
=CAT  \\$aIPL-CLA$c20120930$lBLL01$h2117
=CAT  \\$aBATCH-CLA$b00$c20121109$lBLL01$h1732
=CAT  \\$aBATCH-CLA$b00$c20121130$lBLL01$h1244
=CAT  \\$a5552$b40$c20121218$lBLL01$h1546
=CAT  \\$aIPL-CLA$c20121231$lBLL01$h1311
=CAT  \\$aIPL-CLA$c20130102$lBLL01$h1729
=CAT  \\$aBLDSS-3PM$b00$c20141222$lBLL01$h1713
=CAT  \\$aBATCH-UPD$b00$c20160413$lBLL01$h1817
=CAT  \\$a5552$b40$c20170307$lBLL01$h0926
=CAT  \\$aBATCH-UPD$b40$c20171121$lBLL01$h1743
=CAT  \\$aIPL-CLA$c20171231$lBLL01$h1628
=CAT  \\$aBATCH-UPD$b00$c20190521$lBLL01$h1435
=CAT  \\$aIPL-CLA$c20190630$lBLL01$h1532
=CAT  \\$aBATCH-UPD$b00$c20211119$lBLL01$h1552
=CAT  \\$aIPL-CLA$c20211231$lBLL01$h1716
=CFI  0\$aCurrent copyright fee: GBP34.30$c5\1$e01-jan-2022$fGBP34.30$g0$hP$5Uk
=CFI  2\$aPrevious copyright fee: GBP32.84$c5\1$e01-jul-2019$fGBP32.84$g0$hP$5Uk
=FFP  \\$aY$bBLDSS-3PM
=FIN  \\$aY
=FMT  \\$a  SE
=LAS  \\$aIPL-CLA$b00$c20211231$lBLL01$h1716
=LEO  \\$aMP25.0000021607
=LEO  \\$aMP22.0000037349
=SRC  \\$aISN01$bbibmp22.200404.2.aa
=SRC  \\$aSRI01$bbibmp25.200404.2.aa
=TCO  \\$aCLA$bCLA$c008

