=LDR  05100cas a22011177a 4500
=001  012755287
=003  Uk
=005  20211231154231.0
=007  ta
=008  760310c19759999ne\br\p\\\\\\\0\\\a0eng\\
=019  c\$a2083662
=019  0\$as110452011
=022  0\$a0306-4573
=040  \\$aUk$cUk$dUk
=082  04$a658.403805$221
=084  \\$aAC 495$2blsrissc
=210  0\$aInf. process. manag.
=222  \0$aInformation processing & management
=245  00$aInformation processing & management.
=246  3\$aInformation processing and management
=260  \\$aOxford ;$aNew York :$bPergamon,$c1975-
=260  3\$32004-$aAmsterdam :$bElsevier
=300  \\$c28 cm.
=310  \\$aBi-monthly
=336  \\$atext$2rdacontent
=337  \\$aunmediated$2rdamedia
=338  \\$avolume$2rdacarrier
=530  \\$aAlso available on the Internet.
=540  \\$aCurrent copyright fee: GBP34.30$c5\1$5Uk
=580  \\$aFrom 1985 incorporates "Information technology (Guildford)", q.v.
=595  \\$aFORMERLY 4496.350 UP TO VOL. 10, 1974 ABSORBS 4496.36863 SEE ALSO 4496.350 FOR H&SS HOLDINGS SEE ALSO SERIAL RECORDS SCE AND DOE/DT.
=690  7\$aManagement and Business Studies$2blcoll
=776  08$iAlso issued online as:$tInformation processing & management (Online)$x1873-5371
=780  00$tInformation storage and retrieval$x0020-0271
=852  41$aBritish Library$bDSC$j4493.893000$3Vol. 11, issue 1 (1975)-v. 46, issue 1 (2010)***UKRR Retained Title
=852  41$aBritish Library$bHMNTS$jDZK.9.x.1$3Held in STII up to Dec 2000. Transferred to RS&CD from 2001 onwards Held in Boston Spa but unavailable for reference, access via ESTAR only see SRIS SACHET NB. received dates for 2001/2 issues unreliable please check individual issues for stamp date***title now taken as electronic copy
=852  71$aBritish Library$bSTI$k(P)$hAC 495$m-E(4)$2blsrissc$31975- ; Vol.11-***To 2000
=856  \\$31850-9999$uhttp://www.elsevier.com/journals$xBLDSS
=886  2\$2blmarc$a029$b00$as110452003$as168805006
=945  \\$aINFORMATION PROCESSING AND MANAGEMENT.
=959  \\$fHeld but not currently received
=963  \\$aVOL. 11, 1975- *A=1$bN$cP850.B.150
=964  \\$aVOL. 11, 1975- *A=1$c025.135$dO$eJI5712
=985  \\$aRecord merged by DQ team
=985  \\$aResponsibility for ISSN transferred from ISSN UK Centre to ISSN Netherlands, 14/08/06
=ACF  \\$aPrevious copyright fee: GBP19.00$c5\5$e01-jan-2008$fGBP19.00$g0$hP$5Uk
=ACF  \\$aPrevious copyright fee: GBP18.00$c5\5$e01-apr-2004$fGBP18.00$g0$hP$5Uk
=ACF  \\$aCurrent copyright fee: GBP20.00$c5\5$e01-jan-2003$fGBP20.00$g0$hP$5Uk
=ACF  \\$aCurrent copyright fee: GBP15.00$c5\5$e01-jul-2002$fGBP15.00$g0$hP$5Uk
=ACF  \\$aPrevious copyright fee: GBP20.00$c5\1$e01-jan-2009$fGBP20.00$g0$hP$5Uk
=ACF  \\$aPrevious copyright fee: GBP21.00$c5\1$e01-jan-2012$fGBP21.00$g0$hP$5Uk
=ACF  \\$aPrevious copyright fee: GBP22.50$c5\1$e01-jan-2013$fGBP22.50$g0$hP$5Uk
=ACF  \\$aPrevious copyright fee: GBP23.40$c5\1$e01-jan-2018$fGBP23.40$g0$hP$5Uk
=CAT  \\$aCONV$b00$c20040425$lBLL90$h0851
=CAT  \\$aBATCH$b00$c20090611$lBLL01$h1708
=CAT  \\$aCDS-UPD$b40$c20091208$lBLL01$h2213
=CAT  \\$aCDS-UPD$b40$c20091208$lBLL01$h2234
=CAT  \\$aWR11_155$c20111021$lBLL01$h1325
=CAT  \\$aWR11_155$c20111114$lBLL01$h1646
=CAT  \\$aBATCH-UPD$b00$c20111123$lBLL01$h1853
=CAT  \\$aIPL-CLA$c20111230$lBLL01$h2017
=CAT  \\$aBATCH-CLA$b00$c20121109$lBLL01$h1732
=CAT  \\$aBATCH-UPD$b00$c20121121$lBLL01$h1656
=CAT  \\$aIPL-CLA$c20121231$lBLL01$h1311
=CAT  \\$aIPL-CLA$c20130102$lBLL01$h1729
=CAT  \\$aWR13.005$c20130322$lBLL01$h1918
=CAT  \\$aBATCH-CLA$b00$c20130526$lBLL01$h1659
=CAT  \\$aBATCH-CLA$b00$c20140125$lBLL01$h1314
=CAT  \\$aBATCH-CLA$c20140225$lBLL01$h2320
=CAT  \\$aBLDSS-3PM$b00$c20141222$lBLL01$h1713
=CAT  \\$a8483$b40$c20150327$lBLL01$h1310
=CAT  \\$a8483$b40$c20150327$lBLL01$h1328
=CAT  \\$aBATCH-UPD$b40$c20170304$lBLL01$h1148
=CAT  \\$aBATCH-UPD$b40$c20171121$lBLL01$h1743
=CAT  \\$aIPL-CLA$c20171231$lBLL01$h1628
=CAT  \\$aBATCH-UPD$b00$c20190521$lBLL01$h1435
=CAT  \\$aIPL-CLA$c20190630$lBLL01$h1532
=CAT  \\$aBATCH-UPD$b00$c20211119$lBLL01$h1552
=CAT  \\$aIPL-CLA$c20211231$lBLL01$h1542
=CFI  0\$aCurrent copyright fee: GBP34.30$c5\1$e01-jan-2022$fGBP34.30$g0$hP$5Uk
=CFI  2\$aPrevious copyright fee: GBP32.84$c5\1$e01-jul-2019$fGBP32.84$g0$hP$5Uk
=EST  \\$a2
=FFP  \\$aY$bBLDSS-3PM
=FIN  \\$aY
=FMT  \\$a  SE
=LAS  \\$aIPL-CLA$b00$c20211231$lBLL01$h1542
=LEO  \\$aMP22.0000019217
=LEO  \\$aMP10.0000285207
=LEO  \\$aMP25.0000023560
=LKR  \\$aPAR$b009851813$lBLL01$r78000$mInformation processing & management$nINFORMATION STORAGE AND RETRIEVAL.
=SRC  \\$aISN01$bbibmp22.200404.2.aa
=SRC  \\$aDSS01$bbibmp10.200404.2.aa
=SRC  \\$aSRI01$bbibmp25.200404.2.aa
=TCO  \\$aNLD$bSTICHTING REPRORECHT$c008
=TCO  \\$aCLA$bCLA$c008
=TOC  \\$aETOC

