=LDR  07530cas a2201549 a 4500
=001  012755895
=003  Uk
=005  20211231154231.0
=007  ta
=008  770921c19629999ne\mn\p\\\\\\\0\\\a0mul\\
=019  0\$as111863007
=019  c\$a2169403
=019  x\$a159447009X
=022  0\$a0041-0101
=040  \\$aUk$cUk$dUk
=041  0\$aeng$afre$ager
=042  \\$aukblsr
=082  04$a615.9$222
=084  \\$aHE 40$2blsrissc
=210  0\$aToxicon$b(Oxf.)
=222  \0$aToxicon$b(Oxford)
=245  00$aToxicon :$ban international journal devoted to the exchange of knowledge on the toxins derived from the tissues of plants and animals.
=260  \\$aOxford :$bPergamon,$c1962-
=260  3\$32001-$aAmsterdam ;$aOxford :$bElsevier
=300  \\$av. :$bill. ;$c24-26 cm.
=310  \\$aMonthly (except 2 issues in Mar., June, Sept. and Dec.),$b2003-
=321  \\$aMonthly,$b1986-2002
=321  \\$aBimonthly,$b1962-1985
=336  \\$atext$2rdacontent
=337  \\$aunmediated$2rdamedia
=338  \\$avolume$2rdacarrier
=362  0\$aVol. 1, no. 1 (Oct. 1962)-
=500  \\$aSubtitle varies: An interdisciplinary journal on the toxins derived from animals, plants and microorganisms, 1992-.
=500  \\$aLatest issue consulted: Vol. 51, no. 8 (15 June 2008).
=530  \\$aAlso available online.
=540  \\$aCurrent copyright fee: GBP34.30$c5\1$5Uk
=546  \\$aEnglish, French or German with summaries in English.
=580  \\$aOfficial journal of the International Society on Toxinology.
=650  \0$aToxins$vPeriodicals.
=650  \0$aVenom$vPeriodicals.
=710  2\$aInternational Society on Toxinology.
=770  0\$tToxicon. Supplement$x0190-5368
=776  08$iAlso issued online as:$tToxicon (Online)$x1879-3150
=852  41$aBritish Library$bHMNTS$jAc.9234.lq.$3Vol. 1 (Oct. 1962)-v. 4 (1967)
=852  71$aBritish Library$bSTI$k(P)$hHE 40$m-E(1)$2blsrissc$3Vol. 1 (1962) - Vol. 38, no. 12 (2000); Deficient: vol.28, no. 2, 1990
=852  41$aBritish Library$bDSC$j8873.050000$3Vol. 1, no. 1 (1962)-v. 54, no. 8 (2009)***UKRR Retained Title
=852  41$aBritish Library$bHMNTS$jDZK.9.x.148$3Vol. 39, no. 1 (Jan. 2001)-v. 98 (2015)***Title now taken as electronic copy
=856  \\$31850-9999$uhttp://www.elsevier.com/journals$xBLDSS
=945  \\$aTOXICON -OXFORD-.
=959  \\$fHeld but not currently received
=963  \\$aVOL. 1, 1962- *A=1$bY$cP328.C.97
=985  \\$aRecord merged by SUNCAT team.
=985  \\$aResponsibility for ISSN transferred to ISSN Netherlands 12.08.08
=ACF  \\$aPrevious Copyright Fee: GBP21.00$c0$e01-apr-2012$fGBP21.00$g0$hC$5Uk
=ACF  \\$aPrevious Copyright Fee: GBP21.00$c0$e01-jan-2012$fGBP21.00$g0$hC$5Uk
=ACF  \\$aPrevious Copyright Fee: GBP20.00$c0$e01-oct-2011$fGBP20.00$g0$hC$5Uk
=ACF  \\$aPrevious Copyright Fee: GBP20.00$c0$e01-jul-2011$fGBP20.00$g0$hC$5Uk
=ACF  \\$aPrevious Copyright Fee: GBP20.00$c0$e01-apr-2011$fGBP20.00$g0$hC$5Uk
=ACF  \\$aPrevious Copyright Fee: GBP20.00$c0$e01-jan-2011$fGBP20.00$g0$hC$5Uk
=ACF  \\$aPrevious Copyright Fee: GBP20.00$c0$e01-oct-2010$fGBP20.00$g0$hC$5Uk
=ACF  \\$aPrevious Copyright Fee: GBP20.00$c0$e01-jul-2010$fGBP20.00$g0$hC$5Uk
=ACF  \\$aPrevious Copyright Fee: GBP20.00$c0$e01-apr-2010$fGBP20.00$g0$hC$5Uk
=ACF  \\$aPrevious Copyright Fee: GBP20.00$c0$e01-Jan-2010$fGBP20.00$g0$hC$5Uk
=ACF  \\$aPrevious Copyright Fee: GBP20.00$c0$e01-oct-2009$fGBP20.00$g0$hC$5Uk
=ACF  \\$aPrevious Copyright Fee: GBP20.00$c0$e01-jul-2009$fGBP20.00$g0$hC$5Uk
=ACF  \\$aPrevious Copyright Fee: GBP20.00$c0$e01-apr-2009$fGBP20.00$g0$hC$5Uk
=ACF  \\$aPrevious Copyright Fee: GBP20.00$c0$e01-jan-2009$fGBP20.00$g0$hC$5Uk
=ACF  \\$aPrevious Copyright Fee: GBP19.00$c0$e01-oct-2008$fGBP19.00$g0$hC$5Uk
=ACF  \\$aPrevious Copyright Fee: GBP19.00$c0$e01-jul-2008$fGBP19.00$g0$hC$5Uk
=ACF  \\$aPrevious Copyright Fee: GBP19.00$c0$e01-apr-2008$fGBP19.00$g0$hC$5Uk
=ACF  \\$aPrevious Copyright Fee: GBP19.00$c0$e01-jan-2008$fGBP19.00$g0$hC$5Uk
=ACF  \\$aPrevious Copyright Fee: GBP18.00$c0$e01-oct-2007$fGBP18.00$g0$hC$5Uk
=ACF  \\$aPrevious Copyright Fee: GBP18.00$c0$e01-jul-2007$fGBP18.00$g0$hC$5Uk
=ACF  \\$aPrevious Copyright Fee: GBP18.00$c0$e01-apr-2007$fGBP18.00$g0$hC$5Uk
=ACF  \\$aPrevious Copyright Fee: GBP18.00$c0$e01-jan-2007$fGBP18.00$g0$hC$5Uk
=ACF  \\$aPrevious Copyright Fee: GBP18.00$c0$e01-oct-2006$fGBP18.00$g0$hC$5Uk
=ACF  \\$aPrevious Copyright Fee: GBP18.00$c0$e01-jul-2006$fGBP18.00$g0$hC$5Uk
=ACF  \\$aPrevious Copyright Fee: GBP18.00$c0$e01-apr-2006$fGBP18.00$g0$hC$5Uk
=ACF  \\$aPrevious Copyright Fee: GBP18.00$c0$e01-jan-2006$fGBP18.00$g0$hC$5Uk
=ACF  \\$aPrevious Copyright Fee: GBP18.00$c0$e01-oct-2005$fGBP18.00$g0$hC$5Uk
=ACF  \\$aPrevious Copyright Fee: GBP18.00$c0$e01-jul-2005$fGBP18.00$g0$hC$5Uk
=ACF  \\$aPrevious Copyright Fee: GBP18.00$c0$e01-apr-2005$fGBP18.00$g0$hC$5Uk
=ACF  \\$aPrevious Copyright Fee: GBP18.00$c0$e01-jan-2005$fGBP18.00$g0$hC$5Uk
=ACF  \\$aPrevious Copyright Fee: GBP20.00$c0$e01-oct-2004$fGBP20.00$g0$hC$5Uk
=ACF  \\$aPrevious Copyright Fee: GBP21.00$c0$e01-jul-2012$fGBP21.00$g0$hC$5Uk
=ACF  \\$aPrevious Copyright Fee: GBP21.00$c0$e01-oct-2012$fGBP21.00$g0$hC$5Uk
=ACF  \\$aPrevious copyright fee: GBP22.50$c5\1$e01-jan-2013$fGBP22.50$g0$hP$5Uk
=ACF  \\$aPrevious copyright fee: GBP23.40$c5\1$e01-jan-2018$fGBP23.40$g0$hP$5Uk
=CAT  \\$aCONV$b00$c20040425$lBLL90$h0851
=CAT  \\$aBATCH-CLA$b00$c20111130$lBLL01$h1216
=CAT  \\$aIPL-CLA$c20111230$lBLL01$h2017
=CAT  \\$aBATCH-CLA$b00$c20120229$lBLL01$h1637
=CAT  \\$aIPL-CLA$c20120330$lBLL01$h1434
=CAT  \\$aBATCH-CLA$b00$c20120531$lBLL01$h1703
=CAT  \\$aIPL-CLA$c20120629$lBLL01$h1032
=CAT  \\$aBATCH-CLA$b00$c20120831$lBLL01$h1539
=CAT  \\$aIPL-CLA$c20120930$lBLL01$h2117
=CAT  \\$aBATCH-CLA$b00$c20121109$lBLL01$h1732
=CAT  \\$aBATCH-CLA$b00$c20121205$lBLL01$h1812
=CAT  \\$aIPL-CLA$c20121231$lBLL01$h1311
=CAT  \\$aIPL-CLA$c20130102$lBLL01$h1729
=CAT  \\$aWR13.005$c20130322$lBLL01$h1918
=CAT  \\$aBATCH-CLA$b00$c20130526$lBLL01$h1659
=CAT  \\$aBATCH-CLA$b00$c20140125$lBLL01$h1315
=CAT  \\$aBATCH-CLA$c20140225$lBLL01$h2320
=CAT  \\$aBLDSS-3PM$b00$c20141222$lBLL01$h1713
=CAT  \\$a5997$b40$c20150421$lBLL01$h0855
=CAT  \\$aBATCH-UPD$b40$c20170304$lBLL01$h1148
=CAT  \\$aBATCH-UPD$b40$c20171121$lBLL01$h1743
=CAT  \\$aIPL-CLA$c20171231$lBLL01$h1628
=CAT  \\$aBATCH-UPD$b00$c20190521$lBLL01$h1435
=CAT  \\$aIPL-CLA$c20190630$lBLL01$h1532
=CAT  \\$aBATCH-UPD$b00$c20211119$lBLL01$h1552
=CAT  \\$aIPL-CLA$c20211231$lBLL01$h1542
=CFI  0\$aCurrent copyright fee: GBP34.30$c5\1$e01-jan-2022$fGBP34.30$g0$hP$5Uk
=CFI  2\$aPrevious copyright fee: GBP32.84$c5\1$e01-jul-2019$fGBP32.84$g0$hP$5Uk
=EST  \\$a2
=FFP  \\$aY$bBLDSS-3PM
=FMT  \\$a  SE
=LAS  \\$aIPL-CLA$b00$c20211231$lBLL01$h1542
=LEO  \\$aMP1.0001913104
=LEO  \\$aMP10.0000580806
=LEO  \\$aMP22.0000002142
=LEO  \\$aMP25.0000024286
=SRC  \\$aBLL02
=SRC  \\$aBLS01$bbibmp1.200404.2.ac
=SRC  \\$aDSS01$bbibmp10.200404.2.aa
=SRC  \\$aISN01$bbibmp22.200404.2.aa
=SRC  \\$aSRI01$bbibmp25.200404.2.aa
=TCO  \\$aNLD$bSTICHTING REPRORECHT$c008
=TCO  \\$aCLA$bCLA$c008
=TOC  \\$aETOC

