=LDR  07464cas a2201501 a 4500
=001  012756544
=003  Uk
=005  20230930080649.0
=007  ta
=008  760506d19761992enkqr\p\\\\\\\0\\\a0eng\\
=019  c\$a2104927
=019  0\$as113480024
=022  0\$a0308-3616
=040  \\$aUk$cUk$dUk
=082  04$a616.0756$223
=084  \\$aGQ 87$2blsrissc
=210  0\$aMed. Lab. Sci.
=222  \0$aMedical Laboratory Sciences
=245  00$aMedical laboratory sciences.
=260  \\$aLondon :$bAcademic Press,$c1976-1992.
=300  \\$av. ;$c26 cm.
=310  \\$aQuarterly
=336  \\$atext$2rdacontent
=337  \\$aunmediated$2rdamedia
=338  \\$avolume$2rdacarrier
=362  0\$av. 33-49, no. 4; Jan. 1976-Dec. 1992.
=500  \\$aPublisher varies.
=500  \\$aContains abstracts.
=500  \\$aPublished for the Institute of Medical Laboratory Sciences.
=540  \\$aCurrent Copyright Fee: GBP45.00$c0$5Uk
=595  \\$aFORMERLY 5529.4 UP TO VOL. 32(4), 1975 CONTD AS 2306.73 VOL. 50, 1993- SEE ALSO CARD INDEX.
=650  \0$aDiagnosis, Laboratory.
=710  2\$aInstitute of Medical Laboratory Sciences.
=770  0\$tMedical laboratory sciences. Supplement$x0950-0294
=780  00$tMedical laboratory technology$x0022-2607
=785  00$tBritish journal of biomedical science$x0967-4845
=852  41$aBritish Library$bDSC$j5529.393000$3Vol. 33, no. 1 (1976)-v. 49, no. 4 (1992)***UKRR Retained Title
=852  71$aBritish Library$bSTI$k(P)$hGQ 87$m-E(6)$2blsrissc$31976-1992; Vol.33-49.
=945  \\$aMEDICAL LABORATORY SCIENCES.
=959  \\$fHeld but not currently received
=963  \\$aCA/M-7 VOL. 33, 1976- 49, 1992 *A=1$bN
=985  \\$aISSN responsibility held by United States ISSN Centre 17/12/2012.
=A02  \\$a2104927
=ACF  \\$aPrevious Copyright Fee: GBP12.00$c0$e01-apr-2012$fGBP12.00$g0$hC$5Uk
=ACF  \\$aPrevious Copyright Fee: GBP12.00$c0$e01-jan-2012$fGBP12.00$g0$hC$5Uk
=ACF  \\$aPrevious Copyright Fee: GBP10.50$c0$e01-oct-2011$fGBP10.50$g0$hC$5Uk
=ACF  \\$aPrevious Copyright Fee: GBP10.50$c0$e01-jul-2011$fGBP10.50$g0$hC$5Uk
=ACF  \\$aPrevious Copyright Fee: GBP10.50$c0$e01-apr-2011$fGBP10.50$g0$hC$5Uk
=ACF  \\$aPrevious Copyright Fee: GBP10.50$c0$e01-jan-2011$fGBP10.50$g0$hC$5Uk
=ACF  \\$aPrevious Copyright Fee: GBP9.00$c0$e01-oct-2010$fGBP9.00$g0$hC$5Uk
=ACF  \\$aPrevious Copyright Fee: GBP9.00$c0$e01-jul-2010$fGBP9.00$g0$hC$5Uk
=ACF  \\$aPrevious Copyright Fee: GBP9.00$c0$e01-apr-2010$fGBP9.00$g0$hC$5Uk
=ACF  \\$aPrevious Copyright Fee: GBP9.00$c0$e01-Jan-2010$fGBP9.00$g0$hC$5Uk
=ACF  \\$aPrevious Copyright Fee: GBP6.00$c0$e01-oct-2009$fGBP6.00$g0$hC$5Uk
=ACF  \\$aPrevious Copyright Fee: GBP6.00$c0$e01-jul-2009$fGBP6.00$g0$hC$5Uk
=ACF  \\$aPrevious Copyright Fee: GBP6.00$c0$e01-apr-2009$fGBP6.00$g0$hC$5Uk
=ACF  \\$aPrevious Copyright Fee: GBP6.00$c0$e01-jan-2009$fGBP6.00$g0$hC$5Uk
=ACF  \\$aPrevious Copyright Fee: GBP6.00$c0$e01-oct-2008$fGBP6.00$g0$hC$5Uk
=ACF  \\$aPrevious Copyright Fee: GBP6.00$c0$e01-jul-2008$fGBP6.00$g0$hC$5Uk
=ACF  \\$aPrevious Copyright Fee: GBP6.00$c0$e01-apr-2008$fGBP6.00$g0$hC$5Uk
=ACF  \\$aPrevious Copyright Fee: GBP6.00$c0$e01-jan-2008$fGBP6.00$g0$hC$5Uk
=ACF  \\$aPrevious Copyright Fee: GBP5.00$c0$e01-oct-2007$fGBP5.00$g0$hC$5Uk
=ACF  \\$aPrevious Copyright Fee: GBP5.00$c0$e01-jul-2007$fGBP5.00$g0$hC$5Uk
=ACF  \\$aPrevious Copyright Fee: GBP6.15$c0$e01-apr-2007$fGBP6.15$g0$hC$5Uk
=ACF  \\$aPrevious Copyright Fee: GBP6.49$c0$e01-jan-2007$fGBP6.49$g0$hC$5Uk
=ACF  \\$aPrevious Copyright Fee: GBP6.49$c0$e01-oct-2006$fGBP6.49$g0$hC$5Uk
=ACF  \\$aPrevious Copyright Fee: GBP6.86$c0$e01-jul-2006$fGBP6.86$g0$hC$5Uk
=ACF  \\$aPrevious Copyright Fee: GBP6.86$c0$e01-apr-2006$fGBP6.86$g0$hC$5Uk
=ACF  \\$aPrevious Copyright Fee: GBP6.67$c0$e01-jan-2006$fGBP6.67$g0$hC$5Uk
=ACF  \\$aPrevious Copyright Fee: GBP6.49$c0$e01-oct-2005$fGBP6.49$g0$hC$5Uk
=ACF  \\$aPrevious Copyright Fee: GBP6.49$c0$e01-jul-2005$fGBP6.49$g0$hC$5Uk
=ACF  \\$aPrevious Copyright Fee: GBP6.49$c0$e01-apr-2005$fGBP6.49$g0$hC$5Uk
=ACF  \\$aPrevious Copyright Fee: GBP6.67$c0$e01-jan-2005$fGBP6.67$g0$hC$5Uk
=ACF  \\$aPrevious Copyright Fee: GBP6.49$c0$e01-oct-2004$fGBP6.49$g0$hC$5Uk
=ACF  \\$aPrevious copyright fee: GBP6.49$c0$e01-apr-2004$fGBP6.49$g0$hC$5Uk
=ACF  \\$aCurrent copyright fee: GBP7.06$c0$e01-jan-2004$fGBP7.06$g0$hC$5Uk
=ACF  \\$aCurrent copyright fee: GBP7.50$c0$e01-oct-2003$fGBP7.50$g0$hC$5Uk
=ACF  \\$aPrevious Copyright Fee: GBP12.00$c0$e01-jul-2012$fGBP12.00$g0$hC$5Uk
=ACF  \\$aPrevious copyright fee: GBP26.00$c2\0$e24-feb-2016$fGBP26.00$g0$hP$5Uk
=ACF  \\$aPrevious Copyright Fee: GBP12.30$c0$e01-jan-2014$fGBP12.30$g0$hC$5Uk
=ACF  \\$aPrevious Copyright Fee: GBP12.00$c0$e01-oct-2012$fGBP12.00$g0$hC$5Uk
=ACF  \\$aPrevious copyright fee: GBP34.00$c2\0$e04-mar-2016$fGBP34.00$g0$hP$5Uk
=ACF  \\$aPrevious copyright fee: GBP36.00$c2\0$e01-jan-2017$fGBP36.00$g0$hP$5Uk
=ACF  \\$aPrevious copyright fee: GBP38.00$c2\0$e01-jan-2018$fGBP38.00$g0$hP$5Uk
=ACF  \\$aPrevious copyright fee: GBP40.00$c2\0$e01-jan-2019$fGBP40.00$g0$hP$5Uk
=ACF  \\$aPrevious copyright fee: GBP42.00$c2\0$e01-jan-2020$fGBP42.00$g0$hP$5Uk
=ACF  \\$aPrevious copyright fee: GBP46.00$c2\0$e01-jan-2023$fGBP46.00$g0$hP$5Uk
=ACF  \\$aPrevious copyright fee: GBP44.00$c2\0$e01-jan-2021$fGBP44.00$g0$hP$5Uk
=CAT  \\$aWR09-126
=CAT  \\$aBATCH-CLA$b00$c20131129$lBLL01$h1639
=CAT  \\$aIPL-CLA$c20131231$lBLL01$h2333
=CAT  \\$a5552$b40$c20160224$lBLL01$h1435
=CAT  \\$aBLDSS-3PM$b00$c20160302$lBLL01$h1647
=CAT  \\$a5552$b40$c20160304$lBLL01$h1328
=CAT  \\$aBATCH-UPD$b40$c20160413$lBLL01$h1817
=CAT  \\$aBATCH-UPD$b40$c20161122$lBLL01$h1500
=CAT  \\$aBATCH-UPD$b40$c20161122$lBLL01$h1516
=CAT  \\$aWR16120681$c20161221$lBLL01$h1801
=CAT  \\$aIPL-CLA$c20161230$lBLL01$h2120
=CAT  \\$aBATCH-UPD$b00$c20171121$lBLL01$h1639
=CAT  \\$aIPL-CLA$c20171231$lBLL01$h1628
=CAT  \\$aBATCH-UPD$b00$c20181217$lBLL01$h1647
=CAT  \\$aIPL-CLA$c20181231$lBLL01$h1540
=CAT  \\$aBATCH-UPD$b00$c20191122$lBLL01$h1909
=CAT  \\$aIPL-CLA$c20191231$lBLL01$h1925
=CAT  \\$aBATCH-UPD$b00$c20201118$lBLL01$h1344
=CAT  \\$aIPL-CLA$c20201231$lBLL01$h1528
=CAT  \\$aBATCH-UPD$b00$c20221121$lBLL01$h1334
=CAT  \\$aIPL-CLA$c20221231$lBLL01$h1445
=CAT  \\$a12654$b40$c20230801$lBLL01$h0840
=CAT  \\$a12654$b40$c20230801$lBLL01$h0842
=CAT  \\$aDEL-3PM$c20230807$lBLL01$h0859
=CAT  \\$aBATCH-CLA$b00$c20230906$lBLL01$h1739
=CAT  \\$aIPL-CLA$c20230930$lBLL01$h0806
=CFI  0\$aCurrent Copyright Fee: GBP45.00$c0$e01-oct-2023$fGBP45.00$g0$hC$5Uk
=CFI  2\$aPrevious copyright fee: GBP50.60$c0$e01-aug-2023$fGBP50.60$g0$hC$5Uk
=FIN  \\$aY
=FMT  \\$a  SE
=LAS  \\$aIPL-CLA$b00$c20230930$lBLL01$h0806
=LEO  \\$aMP10.0000364388
=LEO  \\$aMP22.0000020989
=LEO  \\$aMP25.0000025012
=LKR  \\$aPAR$b012248643$lBLL01$r78000$mMedical laboratory sciences$nMedical laboratory technology
=SRC  \\$aDSS01$bbibmp10.200404.2.aa
=SRC  \\$aISN01$bbibmp22.200404.2.aa
=SRC  \\$aSRI01$bbibmp25.200404.2.aa
=TCO  \\$aCLA$bCLA$c008
=TOC  \\$aETOC

