=LDR  07432cas a2201585 a 4500
=001  012756756
=003  Uk
=005  20221231144509.0
=007  ta
=008  770714c19779999gw\mr\p\\\\\\\0\\\a0eng\\
=015  \\$aGB7720290$2bnb
=019  y\$aB7720290
=019  9\$ab7720290
=019  c\$a2104786
=019  0\$as114153027
=022  0\$a0140-0118
=040  \\$aUk$cUk$dUk
=041  0\$aeng$bfre$bger
=042  \\$aukblsr
=050  00$aR856.A1
=082  04$a610.28$221
=084  \\$aH 40$2blsrissc
=210  0\$aMed. biol. eng. comput.
=222  \0$aMedical & biological engineering & computing
=245  00$aMedical & biological engineering & computing.
=246  3\$aMedical and biological engineering and computing
=260  \\$aStevenage :$bPeregrinus,$c1977-
=260  3\$32006-$aBerlin :$bSpringer
=300  \\$av. :$bill. ;$c25-30 cm.
=310  \\$aMonthly,$b2006-
=321  \\$aBimonthly,$b-2005
=336  \\$atext$2rdacontent
=337  \\$aunmediated$2rdamedia
=338  \\$avolume$2rdacarrier
=362  0\$aVol. 15, no. 3 (May 1977)-
=530  \\$aAlso issued online.
=540  \\$aCurrent copyright fee: GBP34.95$c22\1$5Uk
=546  \\$aMainly in English, with summaries in French and German.
=550  \\$aJournal of the International Federation for Medical and Biological Engineering.
=580  \\$aFrom 1989 has supplement: MBEC news.
=595  \\$aFORMERLY 5525.750 TO VOL. 14(6), 1976 SEE ALSO CARD INDEX.
=650  \0$aBiomedical engineering$vPeriodicals.
=650  \0$aMedicine$xData processing$vPeriodicals.
=710  2\$aInternational Federation for Medical and Biological Engineering.
=770  1\$tMBEC news$x0140-0134
=770  0\$tIFMBE news$x1359-0944
=776  1\$tMedical & biological engineering & computing (Online)$x1741-0444
=780  00$tMedical & biological engineering$x0025-696X
=780  05$tCellular engineering$x1357-5481
=852  41$aBritish Library$bDSC$j5525.770000$3Vol. 15 (1977)-v. 48, no. 12 (2010)***UKRR Retained Title
=852  71$aBritish Library$bSTI$k(P)$hH 40$m-E(2)$2blsrissc$3Volume 15 (1977)-Volume 43, Number 6 (2005)
=856  \\$31850-9999$uhttp://www.springer.com/gb/$xBLDSS
=945  \\$aMEDICAL AND BIOLOGICAL ENGINEERING AND COMPUTING
=959  \\$fHeld but not currently received
=963  \\$aCA/M-7 1966- *A=1$bY
=964  \\$aVOL. 15, 1977- *A=1$c61$dO$eJM2916
=985  \\$aISSN note: responsibility for ISSN transferred to the Nationales ISSN-Zentrum für Deutschland from the ISSN UK Centre, 05/12/12.
=985  \\$aRecord merged by DQ team
=985  \\$aUpgraded by BSS-generated file for WR2011-1473
=A02  \\$a2104786
=ACF  \\$aPrevious copyright fee: GBP21.25$c22\7$e01-jan-2009$fGBP21.25$g0$hP$5Uk
=ACF  \\$aPrevious copyright fee: GBP16.75$c22\7$e01-jan-2007$fGBP16.75$g0$hP$5Uk
=ACF  \\$aPrevious copyright fee: GBP16.22$c22\7$e01-oct-2006$fGBP16.22$g0$hP$5Uk
=ACF  \\$aPrevious Copyright Fee: GBP17.14$c22\7$e01-apr-2006$fGBP17.14$g0$hP$5Uk
=ACF  \\$aCurrent Copyright Fee: GBP17.00$c0$e01-jan-2006$fGBP17.00$g0$hC$5Uk
=ACF  \\$aPrevious Copyright Fee: GBP17.00$c0$e01-oct-2005$fGBP17.00$g0$hC$5Uk
=ACF  \\$aPrevious Copyright Fee: GBP17.00$c0$e01-jul-2005$fGBP17.00$g0$hC$5Uk
=ACF  \\$aPrevious Copyright Fee: GBP17.00$c0$e01-apr-2005$fGBP17.00$g0$hC$5Uk
=ACF  \\$aPrevious Copyright Fee: GBP17.00$c0$e01-jan-2005$fGBP17.00$g0$hC$5Uk
=ACF  \\$aPrevious Copyright Fee: GBP17.00$c0$e01-oct-2004$fGBP17.00$g0$hC$5Uk
=ACF  \\$aPrevious copyright fee: GBP13.50$c0$e01-jul-2002$fGBP13.50$g0$hC$5Uk
=ACF  \\$aCurrent copyright fee: GBP5.00$c0$e03-sep-1998$fGBP5.00$g0$hC$5Uk
=ACF  \\$aCurrent copyright fee: GBP4.60$c0$e01-apr-1997$fGBP4.60$g0$hC$5Uk
=ACF  \\$aPrevious copyright fee: GBP22.00$c22\7$e01-apr-2009$fGBP22.00$g0$hP$5Uk
=ACF  \\$aPrevious copyright fee: GBP22.00$c22\7$e12-aug-2012$fGBP22.00$g0$hP$5Uk
=ACF  \\$aPrevious copyright fee: GBP25.00$c22\7$e01-jan-2013$fGBP25.00$g0$hP$5Uk
=ACF  \\$aPrevious copyright fee: GBP25.77$c22\7$e01-jul-2013$fGBP25.77$g0$hP$5Uk
=ACF  \\$aPrevious copyright fee: GBP24.97$c22\7$e01-jan-2014$fGBP24.97$g0$hP$5Uk
=ACF  \\$aPrevious copyright fee: GBP24.21$c22\7$e01-jul-2014$fGBP24.21$g0$hP$5Uk
=ACF  \\$aPrevious copyright fee: GBP25.77$c22\7$e01-apr-2015$fGBP25.77$g0$hP$5Uk
=ACF  \\$aPrevious copyright fee: GBP26.63$c22\7$e01-jul-2015$fGBP26.63$g0$hP$5Uk
=ACF  \\$aPrevious copyright fee: GBP25.77$c22\7$e01-oct-2015$fGBP25.77$g0$hP$5Uk
=ACF  \\$aPrevious copyright fee: GBP27.55$c22\7$e01-apr-2016$fGBP27.55$g0$hP$5Uk
=ACF  \\$aPrevious copyright fee: GBP29.59$c22\7$e01-oct-2016$fGBP29.59$g0$hP$5Uk
=ACF  \\$aPrevious copyright fee: GBP31.96$c22\7$e01-apr-2017$fGBP31.96$g0$hP$5Uk
=ACF  \\$aPrevious copyright fee: GBP30.73$c22\7$e01-oct-2017$fGBP30.73$g0$hP$5Uk
=ACF  \\$aPrevious copyright fee: GBP28.54$c22\7$e01-apr-2018$fGBP28.54$g0$hP$5Uk
=ACF  \\$aPrevious copyright fee: GBP34.00$c22\1$e01-jul-2018$fGBP34.00$g0$hP$5Uk
=CAT  \\$aWR09-126
=CAT  \\$aIPL-CLA$c20150331$lBLL01$h1635
=CAT  \\$aBATCH-UPD$b00$c20150520$lBLL01$h1756
=CAT  \\$aIPL-CLA$c20150630$lBLL01$h1643
=CAT  \\$aBATCH-UPD$b00$c20150820$lBLL01$h1844
=CAT  \\$aIPL-CLA$c20150930$lBLL01$h1801
=CAT  \\$aBATCH-UPD$b00$c20160217$lBLL01$h1735
=CAT  \\$aIPL-CLA$c20160331$lBLL01$h1722
=CAT  \\$aBATCH-UPD$b00$c20160413$lBLL01$h1817
=CAT  \\$aBATCH-UPD$b00$c20160524$lBLL01$h2209
=CAT  \\$aBATCH-UPD$b00$c20160525$lBLL01$h0015
=CAT  \\$aBATCH-UPD$b00$c20160824$lBLL01$h1801
=CAT  \\$aIPL-CLA$c20160930$lBLL01$h1559
=CAT  \\$aBATCH-UPD$b00$c20170216$lBLL01$h1850
=CAT  \\$aIPL-CLA$c20170331$lBLL01$h1841
=CAT  \\$aBATCH-UPD$b00$c20170904$lBLL01$h1859
=CAT  \\$aIPL-CLA$c20170929$lBLL01$h1725
=CAT  \\$aBATCH-UPD$b00$c20180223$lBLL01$h1732
=CAT  \\$aIPL-CLA$c20180331$lBLL01$h1616
=CAT  \\$aBATCH-UPD$b00$c20180524$lBLL01$h1720
=CAT  \\$aIPL-CLA$c20180630$lBLL01$h1914
=CAT  \\$aW2011-1473$b00$c20201124$lBLL01$h1856
=CAT  \\$a5552$b40$c20210823$lBLL01$h1040
=CAT  \\$aIPL-CLA$c20210930$lBLL01$h1527
=CAT  \\$aBATCH-UPD$b00$c20221121$lBLL01$h1411
=CAT  \\$aIPL-CLA$c20221231$lBLL01$h1445
=CFI  0\$aCurrent copyright fee: GBP34.95$c22\1$e01-jan-2023$fGBP34.95$g0$hP$5Uk
=CFI  2\$aPrevious copyright fee: GBP43.00$c22\1$e01-oct-2021$fGBP43.00$g0$hP$5Uk
=EST  \\$a2
=FFP  \\$aY$bBLDSS-3PM
=FIN  \\$aY
=FMT  \\$a  SE
=LAS  \\$aIPL-CLA$b00$c20221231$lBLL01$h1445
=LEO  \\$aMP5.0000487034
=LEO  \\$aMP22.0000003216
=LEO  \\$aMP10.0000363981
=LEO  \\$aMP25.0000025240
=LKR  \\$aPAR$b012756755$lBLL01$r78000$mMedical & biological engineering & computing$nMedical & biological engineering
=LKR  \\$aPAR$b013440891$lBLL01$r776$mMedical & biological engineering & computing (Print)$nMedical & biological engineering & computing (Online)
=LKR  \\$aPAR$b009084913$lBLL01$r78005$mMedical & biological engineering & computing$nCellular engineering
=SRC  \\$aBNB03$bbibmp5.200404.2.aa
=SRC  \\$aISN01$bbibmp22.200404.2.aa
=SRC  \\$aDSS01$bbibmp10.200404.2.aa
=SRC  \\$aSRI01$bbibmp25.200404.2.aa
=TCO  \\$aCLA$bCLA$c008
=TOC  \\$aETOC
=UNO  \\$aY

