=LDR  05118cas a2201117 a 4500
=001  012757815
=003  Uk
=005  20211231154232.0
=007  ta
=008  770519c19769999enkmr\p\\\\\\\0\\\a0eng\\
=019  c\$a2039318
=019  0\$as11829301x
=022  0\$a0360-1323
=040  \\$aUk$beng$cUk$dUk
=042  \\$aukblsr
=082  04$a696$221
=084  \\$aWH 80$2blsrissc
=210  0\$aBuild. environ.
=222  \0$aBuilding and environment
=245  00$aBuilding and environment.
=260  \\$aNew York :$bPergamon,$c1976-
=260  3\$aOxford :$bElsevier
=300  \\$av. :$bill. ;$c30 cm.
=310  \\$aTwelve no. a year,$b2002-
=321  \\$aFrequency varies,$b1976-2001
=336  \\$atext$2rdacontent
=337  \\$aunmediated$2rdamedia
=338  \\$avolume$2rdacarrier
=362  0\$aVol. 11, issue 1 (1976)-
=500  \\$a"The international journal of building science and its applications."
=520  \\$a"Building and environment publishes original papers and review articles on building research and its applications, and on the social, cultural and technological contexts of building research and architectural science."
=540  \\$aCurrent copyright fee: GBP34.30$c5\1$5Uk
=595  \\$aFORMERLY 2364.9 UP TO VOL. 10, 1975 SEE ALSO SERIAL RECORDS USC DFE ANDCARD INDEX.
=650  \0$aBuildings$xEnvironmental engineering$vPeriodicals.
=650  \0$aBuilding$xResearch$vPeriodicals.
=776  08$iAlso issued online as:$tBuilding and environment (Online)$x1873-684X
=780  00$tBuilding science$x0007-3628
=852  41$aBritish Library$bDSC$j2359.355000$3Vol. 11, issue 1 (1976)-v. 45, issue 2 (2010)***UKRR Retained Title
=852  41$aBritish Library$bHMNTS$jDZK.9.x.440$3Held in STII up to Dec 2000. Transferred to RS&CD from 2001 onwards Held in Boston Spa but unavailable for reference, access via ESTAR only see SRIS SACHET NB. received dates for 2001/2 issues unreliable please check individual issues for stamp date***Title now taken as electronic copy only
=852  71$aBritish Library$bSTI$k(P)$hWH 80$m-E(4)$2blsrissc$3Vol. 11 (1976)-v. 35 (2000)
=856  \\$31850-9999$uhttp://www.elsevier.com/journals$xBLDSS
=945  \\$aBUILDING AND ENVIRONMENT.
=959  \\$fHeld but not currently received
=963  \\$aVOL. 11, 1976- *A=1$bY$cP436.B.16
=964  \\$aVOL. 11, 1976- *A=1$c624$dQ$eJB917
=985  \\$aResponsibility for ISSN transferred from ISSN UK Centre to ISSN Netherlands, 24/08/06
=A02  \\$a2039318
=ACF  \\$aPrevious copyright fee: GBP19.00$c5\5$e01-jan-2008$fGBP19.00$g0$hP$5Uk
=ACF  \\$aPrevious copyright fee: GBP18.00$c5\5$e01-apr-2004$fGBP18.00$g0$hP$5Uk
=ACF  \\$aCurrent copyright fee: GBP20.00$c5\5$e01-jan-2003$fGBP20.00$g0$hP$5Uk
=ACF  \\$aCurrent copyright fee: GBP15.00$c5\5$e01-jul-2002$fGBP15.00$g0$hP$5Uk
=ACF  \\$aPrevious copyright fee: GBP20.00$c5\1$e01-jan-2009$fGBP20.00$g0$hP$5Uk
=ACF  \\$aPrevious copyright fee: GBP21.00$c5\1$e01-jan-2012$fGBP21.00$g0$hP$5Uk
=ACF  \\$aPrevious copyright fee: GBP22.50$c5\1$e01-jan-2013$fGBP22.50$g0$hP$5Uk
=ACF  \\$aPrevious copyright fee: GBP23.40$c5\1$e01-jan-2018$fGBP23.40$g0$hP$5Uk
=CAT  \\$aCONV$b00$c20040425$lBLL90$h0851
=CAT  \\$aBATCH$b00$c20091211$lBLL01$h0012
=CAT  \\$aBATCH$b00$c20091214$lBLL01$h0850
=CAT  \\$aBATCH$b00$c20091216$lBLL01$h0223
=CAT  \\$a8201$b40$c20100616$lBLL01$h1558
=CAT  \\$aWR11_155$c20111021$lBLL01$h1325
=CAT  \\$aWR11_155$c20111114$lBLL01$h1646
=CAT  \\$aBATCH-UPD$b00$c20111123$lBLL01$h1853
=CAT  \\$aIPL-CLA$c20111230$lBLL01$h2017
=CAT  \\$aBATCH-CLA$b00$c20121109$lBLL01$h1732
=CAT  \\$aBATCH-UPD$b00$c20121121$lBLL01$h1656
=CAT  \\$aIPL-CLA$c20121231$lBLL01$h1311
=CAT  \\$aIPL-CLA$c20130102$lBLL01$h1729
=CAT  \\$aWR13.005$c20130322$lBLL01$h1919
=CAT  \\$aBATCH-CLA$b00$c20140125$lBLL01$h1314
=CAT  \\$aBATCH-CLA$c20140225$lBLL01$h2320
=CAT  \\$aBLDSS-3PM$b00$c20141222$lBLL01$h1713
=CAT  \\$a11205$b40$c20150421$lBLL01$h1437
=CAT  \\$aBATCH-UPD$b40$c20160413$lBLL01$h1817
=CAT  \\$aBATCH-UPD$b40$c20160520$lBLL01$h1224
=CAT  \\$aBATCH-UPD$b40$c20171121$lBLL01$h1743
=CAT  \\$aIPL-CLA$c20171231$lBLL01$h1628
=CAT  \\$aBATCH-UPD$b00$c20190521$lBLL01$h1435
=CAT  \\$aIPL-CLA$c20190630$lBLL01$h1532
=CAT  \\$aBATCH-UPD$b00$c20211119$lBLL01$h1552
=CAT  \\$aIPL-CLA$c20211231$lBLL01$h1542
=CFI  0\$aCurrent copyright fee: GBP34.30$c5\1$e01-jan-2022$fGBP34.30$g0$hP$5Uk
=CFI  2\$aPrevious copyright fee: GBP32.84$c5\1$e01-jul-2019$fGBP32.84$g0$hP$5Uk
=EST  \\$a2
=FFP  \\$aY$bBLDSS-3PM
=FIN  \\$aY
=FMT  \\$a  SE
=LAS  \\$aIPL-CLA$b00$c20211231$lBLL01$h1542
=LEO  \\$aMP10.0000113515
=LEO  \\$aMP25.0000026600
=LET  \0$aBuilding and environment (Print)
=LKR  \\$aPAR$b012757814$lBLL01$r78000$mBuilding and environment$nBuilding science
=SRC  \\$aDSS01$bbibmp10.200404.2.aa
=SRC  \\$aSRI01$bbibmp25.200404.2.aa
=TCO  \\$aCLA$bCLA$c008
=TOC  \\$aETOC

