=LDR  07490cas a2201441 a 4500
=001  012759313
=003  Uk
=005  20230209233630.0
=007  ta
=008  951219d19952001at\qr\p\\\\\\\0\\\a0eng\\
=019  c\$a2514187
=019  0\$as123130018
=022  0\$a1323-3580
=040  \\$aUk$cUk$dUk
=084  \\$aOT 00$2blsrissc
=110  20$aAstronomical Society of Australia.
=222  \0$aPublications - Astronomical Society of Australia
=245  10$aPublications /$cAstronomical Society of Australia.
=246  13$aPASA
=260  \\$aEast Melbourne, Vic. :$bCSIRO Australia,$c1995-2001.
=300  \\$a7 v. :$bill. ;$c30 cm.
=310  \\$a4 no. a year,$b2001-
=310  \\$aSemi-annual,$bTo 2000
=321  \\$aSemiannual,$b1995
=321  \\$a3 no. a year,$b1996-2000
=321  \\$aQuarterly,$b2001
=336  \\$atext$2rdacontent
=337  \\$aunmediated$2rdamedia
=338  \\$avolume$2rdacarrier
=362  0\$aVol. 12, no. 1 (Apr. 1995)-v. 18, no. 4 (Dec. 2001).
=540  \\$aCurrent Copyright Fee: GBP22.50$c0$5Uk
=580  \\$aFrom 1997 also issued on CD-ROM as: Publications of the Astronomical Society of Australia, and online, as: Electronic publications of the Astronomical Society of Australia (from 2001 as: Publications of the Astronomical Society of Australia); from 2002 only issued online.
=595  \\$aFORMERLY 6653.8 UP TO VOL. 11, 1994 CEASED PUBLICATION WITH VOL 18(4), 2001 SEE ALSO 6653.8 FOR SML HOLDING.
=610  20$aAstronomical Society of Australia$vPeriodicals.
=650  \0$aAstronomy$vPeriodicals.
=650  \0$aSouthern sky (Astronomy)$vPeriodicals.
=650  \0$aAstrophysics$vPeriodicals.
=710  2\$aCommonwealth Scientific and Industrial Research Organization.
=776  1\$tPublications of the Astronomical Society of Australia$x1448-6083
=776  1\$tElectronic publications of the the Astronomical Society of Australia
=776  1\$tPublications of the Astronomical Society of Australia (Online)
=780  00$aAstronomical Society of Australia.$tProceedings$x0066-9997
=852  41$aBritish Library$bDSC$j7027.800000$3Vol. 12, no. 1 (1995)-v. 18, no. 4 (2001)***UKRR Retained Title
=852  71$aBritish Library$bSTI$k(P)$hOT 00$m-E(50)$2blsrissc$31995- ; Vol.12- ; Deficient: vol.12, no.3, 4
=852  41$aBritish Library$bHMNTS
=945  \\$aPUBLICATIONS- ASTRONOMICAL SOCIETY OF AUSTRALIA.
=957  \\$aP
=959  \\$fHeld but not currently received
=963  \\$aCA/U97 VOL. 12, 1995- *A=1$bN
=968  \\$bx
=985  \\$aISSN UK Centre: ISSN responsibility has been transferred from ISSN Australia to ISSN UK Centre prior to the publication of occasional print issues by Cambridge University Press, beginning in 2013. The title should be checked carefully for any changes and the re-opened and updated record, including the new pubisher, should be sent to the Portal in 2013. Online ISSN 1448-6083 (online record updated, 28/01/13) (Richard Brown, ISSN UK Centre, 10/12/12)
=A02  \\$a2514187
=A02  \\$a2514187$z128025
=ACF  \\$aPrevious Copyright Fee: GBP8.93$c0$e01-jul-2009$fGBP8.93$g0$hC$5Uk
=ACF  \\$aPrevious Copyright Fee: GBP8.93$c0$e01-apr-2009$fGBP8.93$g0$hC$5Uk
=ACF  \\$aPrevious Copyright Fee: GBP7.81$c0$e01-jan-2009$fGBP7.81$g0$hC$5Uk
=ACF  \\$aPrevious Copyright Fee: GBP6.25$c0$e01-oct-2008$fGBP6.25$g0$hC$5Uk
=ACF  \\$aPrevious Copyright Fee: GBP6.25$c0$e01-jul-2008$fGBP6.25$g0$hC$5Uk
=ACF  \\$aPrevious Copyright Fee: GBP6.25$c0$e01-apr-2008$fGBP6.25$g0$hC$5Uk
=ACF  \\$aPrevious Copyright Fee: GBP6.25$c0$e01-jan-2008$fGBP6.25$g0$hC$5Uk
=ACF  \\$aPrevious Copyright Fee: GBP6.25$c0$e01-oct-2007$fGBP6.25$g0$hC$5Uk
=ACF  \\$aPrevious Copyright Fee: GBP6.25$c0$e01-jul-2007$fGBP6.25$g0$hC$5Uk
=ACF  \\$aPrevious Copyright Fee: GBP6.41$c0$e01-apr-2007$fGBP6.41$g0$hC$5Uk
=ACF  \\$aPrevious Copyright Fee: GBP6.76$c0$e01-jan-2007$fGBP6.76$g0$hC$5Uk
=ACF  \\$aPrevious Copyright Fee: GBP6.76$c0$e01-oct-2006$fGBP6.76$g0$hC$5Uk
=ACF  \\$aPrevious Copyright Fee: GBP7.14$c0$e01-jul-2006$fGBP7.14$g0$hC$5Uk
=ACF  \\$aPrevious Copyright Fee: GBP7.14$c0$e01-apr-2006$fGBP7.14$g0$hC$5Uk
=ACF  \\$aPrevious Copyright Fee: GBP6.94$c0$e01-jan-2006$fGBP6.94$g0$hC$5Uk
=ACF  \\$aPrevious Copyright Fee: GBP6.76$c0$e01-oct-2005$fGBP6.76$g0$hC$5Uk
=ACF  \\$aPrevious Copyright Fee: GBP6.76$c0$e01-jul-2005$fGBP6.76$g0$hC$5Uk
=ACF  \\$aPrevious Copyright Fee: GBP6.76$c0$e01-apr-2005$fGBP6.76$g0$hC$5Uk
=ACF  \\$aPrevious Copyright Fee: GBP6.94$c0$e01-jan-2005$fGBP6.94$g0$hC$5Uk
=ACF  \\$aPrevious Copyright Fee: GBP6.76$c0$e01-oct-2004$fGBP6.76$g0$hC$5Uk
=ACF  \\$aPrevious copyright fee: GBP6.76$c0$e01-apr-2004$fGBP6.76$g0$hC$5Uk
=ACF  \\$aCurrent copyright fee: GBP7.35$c0$e01-jan-2004$fGBP7.35$g0$hC$5Uk
=ACF  \\$aCurrent copyright fee: GBP7.81$c0$e01-oct-2003$fGBP7.81$g0$hC$5Uk
=ACF  \\$aPrevious copyright fee: GBP12.00$c0$e01-jan-2012$fGBP12.00$g0$hA$5Uk
=ACF  \\$aPrevious copyright fee: GBP10.50$c0$e01-jan-2011$fGBP10.50$g0$hA$5Uk
=ACF  \\$aPrevious copyright fee: GBP45.00$c43\0$e30-oct-2013$fGBP45.00$g0$hP$5Uk
=ACF  \\$aPrevious Copyright Fee: GBP17.50$c0$e01-apr-2019$fGBP17.50$g0$hA$5Uk
=ACF  \\$aPrevious Copyright Fee: GBP10.00$c0$e01-jul-2019$fGBP10.00$g0$hC$5Uk
=ACF  \\$aPrevious Copyright Fee: GBP22.50$c0$e01-apr-2021$fGBP22.50$g0$hC$5Uk
=CAT  \\$aCONV$b00$c20040425$lBLL90$h0851
=CAT  \\$aBATCH-UPD$b40$c20101201$lBLL01$h1249
=CAT  \\$aIPL-CLA$c20101231$lBLL01$h1511
=CAT  \\$aWR11_203$c20111204$lBLL01$h1507
=CAT  \\$aIPL-CLA$c20111230$lBLL01$h2017
=CAT  \\$aBATCH-UPD$b00$c20120614$lBLL01$h2115
=CAT  \\$aBATCH-CLA$b00$c20121109$lBLL01$h1731
=CAT  \\$aWR12_168$c20121206$lBLL01$h1836
=CAT  \\$a10806$b40$c20121210$lBLL01$h1054
=CAT  \\$a10806$b40$c20130128$lBLL01$h1151
=CAT  \\$aWR13.005$c20130322$lBLL01$h1919
=CAT  \\$a5552$b40$c20131030$lBLL01$h1148
=CAT  \\$aBLDSS-3PM$b00$c20141208$lBLL01$h1624
=CAT  \\$aBATCH-UPD$b00$c20141208$lBLL01$h1830
=CAT  \\$aBATCH-UPD$b00$c20160524$lBLL01$h2237
=CAT  \\$aBATCH-UPD$b00$c20160525$lBLL01$h0431
=CAT  \\$aW1902-1304$c20190314$lBLL01$h1239
=CAT  \\$aBATCH-UPD$b00$c20190314$lBLL01$h1618
=CAT  \\$aIPL-CLA$c20190331$lBLL01$h1725
=CAT  \\$aDEL-3PM$c20190409$lBLL01$h0905
=CAT  \\$aBATCH-CLA$b00$c20190531$lBLL01$h1623
=CAT  \\$aIPL-CLA$c20190630$lBLL01$h1532
=CAT  \\$aBATCH-CLA$b00$c20210227$lBLL01$h1010
=CAT  \\$aIPL-CLA$c20210331$lBLL01$h1700
=CAT  \\$aBATCH-CLA$b00$c20221130$lBLL01$h1435
=CAT  \\$aIPL-CLA$c20221231$lBLL01$h1445
=CAT  \\$aBATCH-CLA$b00$c20230209$lBLL01$h1522
=CAT  \\$aIPL-CLA$c20230209$lBLL01$h2336
=CFI  0\$aCurrent Copyright Fee: GBP22.50$c0$e09-feb-2023$fGBP22.50$g0$hC$5Uk
=CFI  2\$aBritish Library not licensed to copy$c0$e01-jan-2023$hC$iCFP Excluded$5Uk
=FIN  \\$aY
=FMT  \\$a  SE
=LAS  \\$aIPL-CLA$b00$c20230209$lBLL01$h2336
=LEO  \\$aMP10.0000468964
=LEO  \\$aMP25.0000028258
=LKR  \\$aPAR$b007871634$lBLL01$r78000$mPublications - Astronomical Society of Australia$nProceedings - Astronomical Society of Australia
=SRC  \\$aDSS02$bbibh.200404.2.aa
=SRC  \\$aDSS01$bbibmp10.200404.2.aa
=SRC  \\$aSRI01$bbibmp25.200404.2.aa
=TCO  \\$aAUS$bCAL$c008
=TOC  \\$aETOC

