=LDR  05853cas a2201321 a 4500
=001  012765159
=003  Uk
=005  20221231144513.0
=006  aa\\\|||||||||||||
=007  ta
=008  771001c19709999enkzr\p\\\\\\\0\\\a0eng\\
=015  \\$aGB7029010$2bnb
=019  y\$aB7029010
=019  9\$ab7029010
=019  c\$a2086430
=019  0\$as132805006
=022  0\$a0020-7721
=030  \\$aIJSYA9
=040  \\$aUk$beng$cUk$dUk
=042  \\$aukblsr
=082  04$a003.3$221
=084  \\$aBX 65$2blsrissc
=210  0\$aInt. J. Syst. Sci.
=222  \0$aInternational Journal of Systems Science
=245  00$aInternational journal of systems science.
=246  13$aIJSS
=260  \\$aLondon :$bTaylor and Francis,$c1970-
=300  \\$av. :$bill. ;$c26 cm.
=310  \\$aFifteen issues yearly,$b2002-
=321  \\$aMonthly
=336  \\$atext$2rdacontent
=337  \\$aunmediated$2rdamedia
=338  \\$avolume$2rdacarrier
=362  0\$aVol. 1, no. 1 (July 1970)-
=504  \\$abibl.
=540  \\$aCurrent copyright fee: GBP43.00$c2\0$5Uk
=595  \\$aABSORBS 8589.2875 2004- SEE ALSO SERIAL RECORDS DOE/DT.
=650  \0$aSystem analysis$vPeriodicals.
=776  08$iAlso issued online as:$tInternational journal of systems science (Online)$x1464-5319
=787  0\$tInternational journal of systems science. Operations & logistics$x2330-2674
=852  41$aBritish Library$bDSC$j4542.693000$3Vol. 1, issue 1 (1970)-v. 36, issue 15 (2005)***UKRR Retained Title***Stock Incomplete
=852  71$aBritish Library$bSTI$k(P)$hBX 65$m-E(2)$2blsrissc$31970- ; Vol.1-vol. 46, no. 13/16 (2015)***title now taken as electronic copy only
=856  \\$31850-9999$uhttp://www.tandfonline.com/$xBLDSS
=945  \\$aINTERNATIONAL JOURNAL OF SYSTEMS SCIENCE.
=959  \\$fHeld but not currently received
=963  \\$aVOL. 1, 1970- *A=1$bY$cP425.B.21
=964  \\$aVOL. 1, 1970- *A=1$c519.28$dO$eJI7626
=968  \\$aC
=985  \\$aISSN responsibility taken by US ISSN Center (multinational agreement), August 2 2013.
=A02  \\$a2086430
=ACF  \\$aPrevious copyright fee: GBP21.00$c2\0$e01-jan-2010$fGBP21.00$g0$hP$5Uk
=ACF  \\$aPrevious copyright fee: GBP20.00$c2\0$e01-jan-2009$fGBP20.00$g0$hP$5Uk
=ACF  \\$aPrevious copyright fee: GBP19.00$c2\0$e01-apr-2008$fGBP19.00$g0$hP$5Uk
=ACF  \\$aPrevious copyright fee: GBP20.00$c2\0$e01-jan-2007$fGBP20.00$g0$hP$5Uk
=ACF  \\$aPrevious copyright fee: GBP18.00$c2\0$e01-jan-2005$fGBP18.00$g0$hP$5Uk
=ACF  \\$aPrevious copyright fee: GBP15.00$c2\0$e01-jan-2004$fGBP15.00$g0$hP$5Uk
=ACF  \\$aCurrent copyright fee: GBP13.00$c2\0$e01-apr-2002$fGBP13.00$g0$hP$5Uk
=ACF  \\$aCurrent copyright fee: GBP12.00$c2\0$e01-jan-2000$fGBP12.00$g0$hP$5Uk
=ACF  \\$aPrevious copyright fee: GBP25.00$c2\0$e01-jan-2011$fGBP25.00$g0$hP$5Uk
=ACF  \\$aPrevious copyright fee: GBP27.00$c2\0$e01-jan-2012$fGBP27.00$g0$hP$5Uk
=ACF  \\$aPrevious copyright fee: GBP27.50$c2\0$e01-jan-2013$fGBP27.50$g0$hP$5Uk
=ACF  \\$aPrevious copyright fee: GBP28.00$c2\0$e01-jan-2014$fGBP28.00$g0$hP$5Uk
=ACF  \\$aPrevious copyright fee: GBP30.00$c2\0$e01-jan-2015$fGBP30.00$g0$hP$5Uk
=ACF  \\$aPrevious copyright fee: GBP34.00$c2\0$e01-jan-2016$fGBP34.00$g0$hP$5Uk
=ACF  \\$aPrevious copyright fee: GBP31.00$c2\0$e01-apr-2016$fGBP31.00$g0$hP$5Uk
=ACF  \\$aPrevious copyright fee: GBP33.00$c2\0$e01-jan-2017$fGBP33.00$g0$hP$5Uk
=ACF  \\$aPrevious copyright fee: GBP35.00$c2\0$e01-jan-2018$fGBP35.00$g0$hP$5Uk
=ACF  \\$aPrevious copyright fee: GBP37.00$c2\0$e01-jan-2019$fGBP37.00$g0$hP$5Uk
=ACF  \\$aPrevious copyright fee: GBP39.00$c2\0$e01-jan-2020$fGBP39.00$g0$hP$5Uk
=CAT  \\$aCONV$b00$c20040425$lBLL90$h0852
=CAT  \\$aBATCH-CLA$c20140225$lBLL01$h2320
=CAT  \\$a11205$b40$c20140707$lBLL01$h1231
=CAT  \\$aWR14_140$c20140905$lBLL01$h1804
=CAT  \\$aBATCH-UPD$b00$c20141124$lBLL01$h1753
=CAT  \\$aBLDSS-3PM$b00$c20141130$lBLL01$h1248
=CAT  \\$aIPL-CLA$c20141231$lBLL01$h1650
=CAT  \\$aBATCH-UPD$b00$c20151119$lBLL01$h1534
=CAT  \\$aIPL-CLA$c20151231$lBLL01$h1919
=CAT  \\$a8124$b40$c20160112$lBLL01$h0806
=CAT  \\$a5552$b40$c20160302$lBLL01$h1425
=CAT  \\$aIPL-CLA$c20160331$lBLL01$h1722
=CAT  \\$aBATCH-UPD$b00$c20160413$lBLL01$h1817
=CAT  \\$aBATCH-UPD$b00$c20161122$lBLL01$h1504
=CAT  \\$aBATCH-UPD$b00$c20161122$lBLL01$h1535
=CAT  \\$aIPL-CLA$c20161230$lBLL01$h2120
=CAT  \\$aBATCH-UPD$b00$c20171121$lBLL01$h1654
=CAT  \\$aIPL-CLA$c20171231$lBLL01$h1628
=CAT  \\$aBATCH-UPD$b00$c20181217$lBLL01$h1644
=CAT  \\$aIPL-CLA$c20181231$lBLL01$h1540
=CAT  \\$aBATCH-UPD$b00$c20191122$lBLL01$h1906
=CAT  \\$aIPL-CLA$c20191231$lBLL01$h1925
=CAT  \\$aBATCH-UPD$b00$c20201118$lBLL01$h1340
=CAT  \\$aIPL-CLA$c20201231$lBLL01$h1528
=CAT  \\$aBATCH-UPD$b00$c20221121$lBLL01$h1339
=CAT  \\$aIPL-CLA$c20221231$lBLL01$h1445
=CFI  0\$aCurrent copyright fee: GBP43.00$c2\0$e01-jan-2023$fGBP43.00$g0$hP$5Uk
=CFI  2\$aPrevious copyright fee: GBP41.00$c2\0$e01-jan-2021$fGBP41.00$g0$hP$5Uk
=FFP  \\$aY$bBLDSS-3PM
=FIN  \\$aY
=FMT  \\$a  SE
=LAS  \\$aIPL-CLA$b00$c20221231$lBLL01$h1445
=LEO  \\$aMP2.0000304380
=LEO  \\$aMP10.0000296121
=LEO  \\$aMP22.0000001055
=LEO  \\$aMP25.0000034790
=LET  \0$aInternational Journal of Systems Science (Print)
=LKR  \\$aPAR$b013357083$lBLL01$r776$mInternational Journal of Systems Science (Print)$nInternational journal of systems science (Online)
=SRC  \\$aBNB01$bbibmp2.200404.2.aa
=SRC  \\$aDSS01$bbibmp10.200404.2.aa
=SRC  \\$aISN01$bbibmp22.200404.2.aa
=SRC  \\$aSRI01$bbibmp25.200404.2.aa
=TCO  \\$aCLA$bCLA$c008
=TOC  \\$aETOC

