=LDR  06263cas a2201369 a 4500
=001  012765213
=003  Uk
=005  20221231144513.0
=007  ta
=008  760311c19759999nyumx\p\\\\\\\0\\\a0eng\\
=019  c\$a2120615
=019  0\$as13283801x
=022  0\$a0306-8919
=040  \\$aUk$cUk$dUk
=082  04$a537.5$221
=084  \\$aQL 50$2blsrissc
=084  \\$aQJ 41$2blsrissc
=210  0\$aOpt. quantum electron.
=222  \0$aOptical and quantum electronics
=245  00$aOptical and quantum electronics.
=246  04$aOQE. Optical and quantum electronics
=260  \\$aLondon :$bChapman and Hall,$c1975-
=264  31$aNew York, NY :$bSpringer Science+Business Media LLC
=300  \\$c26 cm.
=310  \\$aFifteen no. a year,$b2003-
=321  \\$aFrequency varies,$b1975-2002
=336  \\$atext$2rdacontent
=337  \\$aunmediated$2rdamedia
=338  \\$avolume$2rdacarrier
=362  0\$av. 7- 1975-
=510  2\$aChemical abstracts$x0009-2258
=540  \\$aCurrent copyright fee: GBP29.95$c22\1$5Uk
=588  \\$aLatest issue consulted: volume 50, number 12 (December 2018).
=595  \\$aFORMERLY 6275.5 UP TO VOL. 6, 1974 SEE ALSO SERIAL RECORDS NLS AND KCS/SE.
=650  \0$aLasers$vPeriodicals.
=650  \0$aOptoelectronic devices$vPeriodicals.
=650  \0$aQuantum electronics$vPeriodicals.
=650  \0$aOptics$vPeriodicals.
=776  0\$tOptical and quantum electronics$c(Dordrecht. Online)$x1572-817X
=780  00$tOpto-electronics$x0030-4077
=852  41$aBritish Library$bDSC$j6273.170000$3Vol. 7 (1975)-v. 42, no. 14/15 (2011)***UKRR Retained Title
=852  41$aBritish Library$bHMNTS$jDZK.9.x.340$3Vol. 33, no. 1 (Jan. 2001)-v. 40, no. 9 (2008).
=852  71$aBritish Library$bSTI$k(P)$hQL 50$m-E(11)$2blsrissc$3Vol. 7 (1975)-v. 32, no. 12 (Dec. 2000).; Deficient: vol.23, no.1, 1991
=856  \\$31850-9999$uhttp://www.springer.com/gb/$xBLDSS
=945  \\$aOptical and quantum electronics.
=959  \\$fHeld but not currently received
=963  \\$aVOL. 7, 1975- 20, 1988 *A=1$bY$cP355.B.40
=964  \\$aVOL. 7, 1975- *A=1$c621.37/.39$dO$eJO787
=985  \\$aCONFERENCE ANALYTIC RECORDS EXIST
=985  \\$aISSN UK Centre note: responsibility transferred to US Center 17.4.19.
=A02  \\$a2120615
=ACF  \\$aPrevious copyright fee: GBP21.25$c4\5$e01-jan-2009$fGBP21.25$g0$hP$5Uk
=ACF  \\$aPrevious copyright fee: GBP16.75$c4\5$e01-jan-2007$fGBP16.75$g0$hP$5Uk
=ACF  \\$aPrevious copyright fee: GBP16.22$c4\5$e01-oct-2006$fGBP16.22$g0$hP$5Uk
=ACF  \\$aPrevious copyright fee: GBP17.14$c4\5$e01-apr-2006$fGBP17.14$g0$hP$5Uk
=ACF  \\$aPrevious copyright fee: GBP16.67$c4\5$e01-jan-2006$fGBP16.67$g0$hP$5Uk
=ACF  \\$aPrevious copyright fee: GBP16.22$c4\5$e01-apr-2005$fGBP16.22$g0$hP$5Uk
=ACF  \\$aPrevious copyright fee: GBP16.67$c4\5$e01-jan-2005$fGBP16.67$g0$hP$5Uk
=ACF  \\$aPrevious copyright fee: GBP13.51$c4\5$e01-apr-2004$fGBP13.51$g0$hP$5Uk
=ACF  \\$aCurrent copyright fee: GBP14.71$c4\5$e01-jan-2004$fGBP14.71$g0$hP$5Uk
=ACF  \\$aCurrent copyright fee: GBP15.63$c4\5$e01-jan-2003$fGBP15.63$g0$hP$5Uk
=ACF  \\$aPrevious copyright fee: GBP22.00$c4\5$e01-apr-2009$fGBP22.00$g0$hP$5Uk
=ACF  \\$aPrevious copyright fee: GBP22.00$c4\5$e12-aug-2012$fGBP22.00$g0$hP$5Uk
=ACF  \\$aPrevious copyright fee: GBP25.00$c4\5$e01-jan-2013$fGBP25.00$g0$hP$5Uk
=ACF  \\$aPrevious copyright fee: GBP25.77$c4\5$e01-jul-2013$fGBP25.77$g0$hP$5Uk
=ACF  \\$aPrevious copyright fee: GBP24.97$c4\5$e01-jan-2014$fGBP24.97$g0$hP$5Uk
=ACF  \\$aPrevious copyright fee: GBP24.21$c4\5$e01-jul-2014$fGBP24.21$g0$hP$5Uk
=ACF  \\$aPrevious copyright fee: GBP25.77$c4\5$e01-apr-2015$fGBP25.77$g0$hP$5Uk
=ACF  \\$aPrevious copyright fee: GBP26.63$c4\5$e01-jul-2015$fGBP26.63$g0$hP$5Uk
=ACF  \\$aPrevious copyright fee: GBP25.77$c4\5$e01-oct-2015$fGBP25.77$g0$hP$5Uk
=ACF  \\$aPrevious copyright fee: GBP27.55$c4\5$e01-apr-2016$fGBP27.55$g0$hP$5Uk
=ACF  \\$aPrevious copyright fee: GBP29.59$c4\5$e01-oct-2016$fGBP29.59$g0$hP$5Uk
=ACF  \\$aPrevious copyright fee: GBP31.96$c4\5$e01-apr-2017$fGBP31.96$g0$hP$5Uk
=ACF  \\$aPrevious copyright fee: GBP30.73$c4\5$e01-oct-2017$fGBP30.73$g0$hP$5Uk
=ACF  \\$aPrevious copyright fee: GBP28.54$c4\5$e01-apr-2018$fGBP28.54$g0$hP$5Uk
=CAT  \\$aCONV$b00$c20040425$lBLL90$h0852
=CAT  \\$aBLDSS-3PM$b00$c20150103$lBLL01$h1043
=CAT  \\$aBATCH-UPD$b00$c20150219$lBLL01$h1940
=CAT  \\$aIPL-CLA$c20150331$lBLL01$h1635
=CAT  \\$aBATCH-UPD$b00$c20150520$lBLL01$h1933
=CAT  \\$aIPL-CLA$c20150630$lBLL01$h1643
=CAT  \\$aBATCH-UPD$b00$c20150820$lBLL01$h2002
=CAT  \\$aIPL-CLA$c20150930$lBLL01$h1801
=CAT  \\$aBATCH-UPD$b00$c20160217$lBLL01$h1900
=CAT  \\$aIPL-CLA$c20160331$lBLL01$h1722
=CAT  \\$aBATCH-UPD$b00$c20160524$lBLL01$h2156
=CAT  \\$aBATCH-UPD$b00$c20160524$lBLL01$h2248
=CAT  \\$aBATCH-UPD$b00$c20160824$lBLL01$h1921
=CAT  \\$aIPL-CLA$c20160930$lBLL01$h1559
=CAT  \\$aBATCH-UPD$b00$c20170216$lBLL01$h2008
=CAT  \\$aIPL-CLA$c20170331$lBLL01$h1841
=CAT  \\$aBATCH-UPD$b00$c20170904$lBLL01$h2040
=CAT  \\$aIPL-CLA$c20170929$lBLL01$h1725
=CAT  \\$aBATCH-UPD$b00$c20180223$lBLL01$h1938
=CAT  \\$aIPL-CLA$c20180331$lBLL01$h1616
=CAT  \\$aBATCH-UPD$b00$c20180524$lBLL01$h1812
=CAT  \\$aIPL-CLA$c20180630$lBLL01$h1914
=CAT  \\$a10973$b40$c20190128$lBLL01$h1148
=CAT  \\$a10973$b40$c20190417$lBLL01$h0944
=CAT  \\$aBATCH-UPD$b40$c20221121$lBLL01$h1359
=CAT  \\$aIPL-CLA$c20221231$lBLL01$h1445
=CFI  0\$aCurrent copyright fee: GBP29.95$c22\1$e01-jan-2023$fGBP29.95$g0$hP$5Uk
=CFI  2\$aPrevious copyright fee: GBP34.00$c22\1$e01-jul-2018$fGBP34.00$g0$hP$5Uk
=EST  \\$a2
=FFP  \\$aY$bBLDSS-3PM
=FIN  \\$aY
=FMT  \\$a  SE
=LAS  \\$aIPL-CLA$b00$c20221231$lBLL01$h1445
=LEO  \\$aMP10.0000423212
=LEO  \\$aMP22.0000019628
=LEO  \\$aMP25.0000034851
=SRC  \\$aDSS01$bbibmp10.200404.2.aa
=SRC  \\$aISN01$bbibmp22.200404.2.aa
=SRC  \\$aSRI01$bbibmp25.200404.2.aa
=TCO  \\$aCLA$bCLA$c008
=TOC  \\$aETOC
=UNO  \\$aY

