=LDR  04288cas a22010457a 4500
=001  012771380
=003  Uk
=005  20221231205333.0
=007  ta
=008  950710d19912005enkmr\p\\\\\\\0\\\a0eng\\
=019  c\$a2436040
=019  0\$as521410010
=022  0\$a0960-5037
=040  \\$aUk$cUk$dUk
=082  04$a660.6$221
=084  \\$aKH 80$2blsrissc
=210  0\$aCurr. biotechnol.
=222  \0$aCurrent biotechnology
=245  00$aCurrent biotechnology.
=260  \\$aCambridge :$bRoyal Society of Chemistry,$c1991-2005.
=260  3\$aFrankfurt am Main :$bDECHMA
=300  \\$a15 v. ;$c30 cm.
=310  \\$aMonthly
=336  \\$atext$2rdacontent
=337  \\$aunmediated$2rdamedia
=338  \\$avolume$2rdacarrier
=504  \\$aConsists of abstracts.
=540  \\$aCurrent Copyright Fee: GBP25.00$c0$5Uk
=580  \\$aContinuation of "Current biotechnology abstracts", q.v.
=595  \\$aFORMERLY 3494.652 UP TO VOL. 8, 1990.
=710  2\$aRoyal Society of Chemistry (Great Britain)
=780  00$tCurrent biotechnology abstracts$x0264-3391
=852  41$aBritish Library$bDSC$j3494.651500$3Vol. 9 (1991)-v. 16, issue 12 (1998)***UKRR Retained Title
=852  71$aBritish Library$bSTI$k(A)$hKH 80$m-E(8)$2blsrissc$3Vol. 9, issue 2 (1991)-v. 23, issue 12 (2005)
=886  2\$2blmarc$a029$b00$as521410002
=945  \\$aCurrent biotechnology -Cambridge-
=959  \\$fHeld but not currently received
=963  \\$aCA/U-2 VOL. 9, 1991- *A=1$bN
=968  \\$bx
=985  \\$aResponsibility for ISSN transferred to German Centre, 30.06.06
=A02  \\$a2436040
=ACF  \\$aBritish Library not licensed to copy$c0$e01-oct-2008$hC$iCLA Excluded$5Uk
=ACF  \\$aPrevious copyright fee: GBP5.00$c0$e01-jul-2002$fGBP5.00$g0$hC$5Uk
=ACF  \\$aCurrent copyright fee: GBP2.50$c0$e02-jul-2001$fGBP2.50$g0$hC$5Uk
=ACF  \\$aBritish Library not licensed to copy$c0$e01-apr-1997$g0$iCLA-excluded$5Uk
=ACF  \\$aPrevious copyright fee: GBP10.50$c0$e01-jan-2011$fGBP10.50$g0$hA$5Uk
=ACF  \\$aPrevious copyright fee: GBP12.00$c0$e01-jan-2012$fGBP12.00$g0$hA$5Uk
=ACF  \\$aPrevious Copyright Fee: GBP12.30$c0$e01-jan-2014$fGBP12.30$g0$hA$5Uk
=ACF  \\$aPrevious Copyright Fee: GBP15.00$c0$e01-jan-2017$fGBP15.00$g0$hA$5Uk
=ACF  \\$aPrevious Copyright Fee: GBP17.50$c0$e01-jan-2018$fGBP17.50$g0$hA$5Uk
=ACF  \\$aPrevious Copyright Fee: GBP20.00$c0$e01-jan-2020$fGBP20.00$g0$hA$5Uk
=CAT  \\$aBATCH$b00$c20081001$lBLL01$h0125
=CAT  \\$aWR09-126
=CAT  \\$aBATCH-UPD$b00$c20090904$lBLL01$h1729
=CAT  \\$aBATCH$b00$c20091211$lBLL01$h0017
=CAT  \\$aBATCH$b00$c20091214$lBLL01$h0850
=CAT  \\$aBATCH$b00$c20091216$lBLL01$h0223
=CAT  \\$aBATCH-UPD$b00$c20101201$lBLL01$h1249
=CAT  \\$aIPL-CLA$c20101231$lBLL01$h1511
=CAT  \\$aWR11_203$c20111204$lBLL01$h1507
=CAT  \\$a5552$b40$c20111209$lBLL01$h1413
=CAT  \\$aIPL-CLA$c20111230$lBLL01$h2017
=CAT  \\$aBATCH-CLA$b00$c20121109$lBLL01$h1731
=CAT  \\$aWR13.005$c20130322$lBLL01$h1920
=CAT  \\$aBATCH-CLA$c20131220$lBLL01$h2026
=CAT  \\$aIPL-CLA$c20131231$lBLL01$h2334
=CAT  \\$aBATCH-CLA$b00$c20161222$lBLL01$h1802
=CAT  \\$aIPL-CLA$c20161230$lBLL01$h2121
=CAT  \\$aBATCH-CLA$b00$c20171222$lBLL01$h2122
=CAT  \\$aIPL-CLA$c20171231$lBLL01$h1629
=CAT  \\$aBATCH-CLA$b00$c20191219$lBLL01$h1730
=CAT  \\$aIPL-CLA$c20191231$lBLL01$h1926
=CAT  \\$aR2001-1524$c20200127$lBLL01$h2003
=CAT  \\$aBATCH-CLA$b00$c20201204$lBLL01$h1531
=CAT  \\$aIPL-CLA$c20201231$lBLL01$h2149
=CAT  \\$aBATCH-CLA$b00$c20221221$lBLL01$h1839
=CAT  \\$aIPL-CLA$c20221231$lBLL01$h2053
=CFI  0\$aCurrent Copyright Fee: GBP25.00$c0$e01-jan-2023$fGBP25.00$g0$hA$5Uk
=CFI  2\$aPrevious Copyright Fee: GBP22.50$c0$e01-jan-2021$fGBP22.50$g0$hA$5Uk
=FIN  \\$aY
=FMT  \\$a  SE
=LAS  \\$aIPL-CLA$b00$c20221231$lBLL01$h2053
=LEO  \\$aMP10.0000176231
=LEO  \\$aMP22.0000033284
=LEO  \\$aMP25.0000212505
=SRC  \\$aDSS01$bbibmp10.200404.2.aa
=SRC  \\$aISN01$bbibmp22.200404.2.aa
=SRC  \\$aSRI01$bbibmp25.200404.2.aa
=SSD  \\$a50300{dollar}aContinuation of "Current biotechnology abstracts", q.v.
=TCO  \\$aCLA$bCLA$c008

