=LDR  04556cas a2201081 a 4500
=001  012774360
=003  Uk
=005  20211231154236.0
=007  ta
=008  930216c19929999enkmr\p\\\ir\\0\\\a0eng\\
=019  c\$a2450661
=019  0\$as525976019
=022  0\$a0965-0504
=040  \\$aUk$cUk$dUk
=082  04$a016.5726$221
=084  \\$aKF 00$2blsrissc
=210  0\$aCurr. adv. protein biochem.
=222  \0$aCurrent advances in protein biochemistry
=245  00$aCurrent advances in protein biochemistry.
=246  3\$aCurrent awareness in biological sciences
=260  \\$aOxford :$bPergamon,$c1992-
=264  31$aAmsterdam, the Netherlands :$bElsevier B.V.
=300  \\$av. ;$c30 cm.
=310  \\$aMonthly
=336  \\$atext$2rdacontent
=337  \\$aunmediated$2rdamedia
=338  \\$avolume$2rdacarrier
=362  0\$aVol. 9, no. 1 (Jan. 1992)-
=500  \\$aProduced from the CABS database.
=540  \\$aCurrent copyright fee: GBP34.30$c5\1$5Uk
=588  \\$aLatest issue consulted: volume 31, number 10 (October 2014).
=595  \\$aFormerly 3494.061 up to Vol. 8 (1991). See also 4535.5 for H&SS holdings. See also SERIAL RECORDS IFR.
=650  \0$aBiochemistry$vIndexes$vPeriodicals.
=650  \0$aProteins$vIndexes$vPeriodicals.
=780  00$tCurrent advances in biochemistry$x0741-1618
=852  41$aBritish Library$bDSC$j3494.067000$3Vol. 9, no. 1 (1992)-v. 33, no. 12 (2016)***UKRR Retained Title***Stock Incomplete
=852  71$aBritish Library$bSTI$k(A)$hKF 00$m-E(2)$2blsrissc$3Vol. 9 (1992)-v. 26, no. 6 (2009)
=856  \\$31850-9999$uhttp://www.elsevier.com/journals$xBLDSS
=945  \\$aCURRENT ADVANCES IN PROTEIN BIOCHEMISTRY
=959  \\$fHeld but not currently received
=963  \\$aVOL. 9, 1992- *A=1$bN$cP379.B.367
=968  \\$bx
=985  \\$aISSN responsibility held by ISSN Netherlands - 17/9/08
=A02  \\$a2450661
=ACF  \\$aPrevious copyright fee: GBP19.00$c5\1$e01-jan-2008$fGBP19.00$g0$hP$5Uk
=ACF  \\$aPrevious copyright fee: GBP18.00$c5\1$e01-apr-2004$fGBP18.00$g0$hP$5Uk
=ACF  \\$aCurrent copyright fee: GBP20.00$c5\1$e01-jan-2003$fGBP20.00$g0$hP$5Uk
=ACF  \\$aCurrent copyright fee: GBP15.00$c5\1$e01-jul-2002$fGBP15.00$g0$hP$5Uk
=ACF  \\$aPrevious copyright fee: GBP20.00$c5\1$e01-jan-2009$fGBP20.00$g0$hP$5Uk
=ACF  \\$aPrevious copyright fee: GBP21.00$c5\1$e01-jan-2012$fGBP21.00$g0$hP$5Uk
=ACF  \\$aPrevious copyright fee: GBP22.50$c5\1$e01-jan-2013$fGBP22.50$g0$hP$5Uk
=ACF  \\$aPrevious copyright fee: GBP23.40$c5\1$e01-jan-2018$fGBP23.40$g0$hP$5Uk
=CAT  \\$aCONV$b00$c20040425$lBLL90$h0856
=CAT  \\$aBATCH-UPD$b40$c20090101$lBLL01$h0050
=CAT  \\$aBATCH$b00$c20090101$lBLL01$h0226
=CAT  \\$a6537$b40$c20090721$lBLL01$h1238
=CAT  \\$a9599$b40$c20090806$lBLL01$h1111
=CAT  \\$aBATCH$b00$c20091211$lBLL01$h0017
=CAT  \\$aBATCH$b00$c20091214$lBLL01$h0851
=CAT  \\$aBATCH$b00$c20091216$lBLL01$h0223
=CAT  \\$aBATCH-UPD$b00$c20111123$lBLL01$h1853
=CAT  \\$aIPL-CLA$c20111230$lBLL01$h2017
=CAT  \\$aBATCH-CLA$b00$c20121109$lBLL01$h1731
=CAT  \\$aBATCH-UPD$b00$c20121121$lBLL01$h1656
=CAT  \\$aIPL-CLA$c20121231$lBLL01$h1311
=CAT  \\$aIPL-CLA$c20130102$lBLL01$h1729
=CAT  \\$aWR13.005$c20130322$lBLL01$h1922
=CAT  \\$aBLDSS-3PM$b00$c20141222$lBLL01$h1713
=CAT  \\$a8323$b40$c20150126$lBLL01$h1349
=CAT  \\$aBATCH-UPD$b40$c20160413$lBLL01$h1817
=CAT  \\$aBATCH-UPD$b40$c20160614$lBLL01$h0919
=CAT  \\$aBATCH-UPD$b40$c20171121$lBLL01$h1743
=CAT  \\$aIPL-CLA$c20171231$lBLL01$h1629
=CAT  \\$a8055$b40$c20180713$lBLL01$h1225
=CAT  \\$aBATCH-UPD$b40$c20190521$lBLL01$h1435
=CAT  \\$aIPL-CLA$c20190630$lBLL01$h1532
=CAT  \\$aBATCH-UPD$b00$c20211119$lBLL01$h1553
=CAT  \\$aIPL-CLA$c20211231$lBLL01$h1542
=CFI  0\$aCurrent copyright fee: GBP34.30$c5\1$e01-jan-2022$fGBP34.30$g0$hP$5Uk
=CFI  2\$aPrevious copyright fee: GBP32.84$c5\1$e01-jul-2019$fGBP32.84$g0$hP$5Uk
=FFP  \\$aY$bBLDSS-3PM
=FIN  \\$aY
=FMT  \\$a  SE
=LAS  \\$aIPL-CLA$b00$c20211231$lBLL01$h1542
=LEO  \\$aMP10.0000176074
=LEO  \\$aMP22.0000036972
=LEO  \\$aMP25.0000217143
=LKR  \\$aPAR$b012298212$lBLL01$r78000$mCurrent advances in protein biochemistry$nCurrent advances in biochemistry
=SRC  \\$aDSS01$bbibmp10.200404.2.aa
=SRC  \\$aISN01$bbibmp22.200404.2.aa
=SRC  \\$aSRI01$bbibmp25.200404.2.aa
=TCO  \\$aCLA$bCLA$c008
=TOC  \\$aETOC

