=LDR  04477cas a2201021 a 4500
=001  012777661
=003  Uk
=005  20230209233633.0
=007  ta
=008  850521c19849999xxuqr\p\\\\\\\0\\\a0eng\\
=019  c\$a2277815
=019  0\$as532068009
=022  \\$a8755-2930
=040  \\$aUk$cUk$dUk
=082  04$a624.1762$221
=084  \\$aNX 61$2blsrissc
=210  0\$aEarthq. spectra
=222  \0$aEarthquake spectra
=245  00$aEarthquake spectra.
=260  \\$aBerkeley, Calif. :$bEarthquake Engineering Research Institute,$c1984-
=300  \\$av. :$bill., charts ;$c26 cm.
=310  \\$aQuarterly
=336  \\$atext$2rdacontent
=337  \\$aunmediated$2rdamedia
=338  \\$avolume$2rdacarrier
=362  0\$aVol. 1, no. 1 (Nov. 1984)-
=540  \\$aCurrent Copyright Fee: GBP31.92$c0$5Uk
=595  \\$aSRIS SHARED STOCK.
=650  \0$aEarthquake engineering$vPeriodicals.
=710  2\$aEarthquake Engineering Research Institute.
=776  08$iAlso issued online as:$tEarthquake spectra (Online)$x1944-8201
=852  41$aBritish Library$bDSC$j3643.595800$3Vol. 1 (1984)-v. 18, no. 4 (2002); v. 35, no. 3 (2019)-***Latest issues held for 6 months***UKRR Retained Title
=852  71$aBritish Library$bSTI$k(P)$hNX 61$m-E(14)$2blsrissc$3Vol. 1 (1984)-***Earlier issues
=945  \\$aEARTHQUAKE SPECTRA.
=959  \\$fCurrently received
=985  \\$aISSN responsibility already transferred from U.S. to UK - please update record and add issnuk coding when print copy received (11/03/20)
=A02  \\$a2277815
=ACF  \\$aPrevious copyright fee: GBP9.00$c0$e01-apr-2010$fGBP9.00$g0$hA$5Uk
=ACF  \\$aPrevious copyright fee: GBP6.00$c0$e01-apr-2008$fGBP6.00$g0$hA$5Uk
=ACF  \\$aPrevious copyright fee: GBP5.00$c0$e01-jul-2002$fGBP5.00$g0$hA$5Uk
=ACF  \\$aCurrent copyright fee: GBP2.50$c0$e01-jul-1998$fGBP2.50$g0$hC$5Uk
=ACF  \\$aCurrent copyright fee: GBP2.30$c0$e01-apr-1997$fGBP2.30$g0$hC$5Uk
=ACF  \\$aPrevious copyright fee: GBP10.50$c0$e01-jan-2011$fGBP10.50$g0$hA$5Uk
=ACF  \\$aBritish Library not licensed to copy$c0$e07-sep-2011$hC$iTX$5Uk
=ACF  \\$aBritish Library not licensed to copy$c0$e01-jan-2013$hC$iCFP Excluded$5Uk
=ACF  \\$aBritish Library not licensed to copy$c0$e01-apr-2013$hC$iCFP Excluded$5Uk
=ACF  \\$aBritish Library not licensed to copy$c0$e01-jul-2013$hC$iCFP Excluded$5Uk
=ACF  \\$aBritish Library not licensed to copy$c0$e01-oct-2013$hC$iCFP Excluded$5Uk
=ACF  \\$aBritish Library not licensed to copy$c0$e01-jan-2014$hC$iCFP Excluded$5Uk
=ACF  \\$aPrevious Copyright Fee: GBP33.00$c0$e01-apr-2020$fGBP33.00$g0$hC$5Uk
=ACF  \\$aPrevious Copyright Fee: GBP31.92$c0$e01-apr-2022$fGBP31.92$g0$hC$5Uk
=CAT  \\$aCONV$b00$c20040425$lBLL90$h0856
=CAT  \\$aBATCH-CLA$b00$c20121109$lBLL01$h1731
=CAT  \\$aBATCH-CLA$b00$c20121130$lBLL01$h1242
=CAT  \\$aWR12_168$c20121206$lBLL01$h1836
=CAT  \\$aIPL-CLA$c20121231$lBLL01$h1311
=CAT  \\$aIPL-CLA$c20130102$lBLL01$h1729
=CAT  \\$aBATCH-CLA$b00$c20130228$lBLL01$h1712
=CAT  \\$aWR13.005$c20130322$lBLL01$h1924
=CAT  \\$aIPL-CLA$c20130331$lBLL01$h1054
=CAT  \\$a540_fix$c20130403$lBLL01$h2013
=CAT  \\$aBATCH-CLA$b00$c20130531$lBLL01$h1642
=CAT  \\$aIPL-CLA$c20130701$lBLL01$h0041
=CAT  \\$aBATCH-CLA$b00$c20130830$lBLL01$h1629
=CAT  \\$aIPL-CLA$c20130930$lBLL01$h1740
=CAT  \\$aBATCH-CLA$b00$c20131129$lBLL01$h1657
=CAT  \\$aIPL-CLA$c20131231$lBLL01$h2334
=CAT  \\$aBATCH-CLA$b00$c20200228$lBLL01$h1636
=CAT  \\$a10806$b40$c20200306$lBLL01$h1153
=CAT  \\$a10806$b40$c20200311$lBLL01$h1043
=CAT  \\$aIPL-CLA$c20200331$lBLL01$h1612
=CAT  \\$aBATCH-CLA$b00$c20220304$lBLL01$h1533
=CAT  \\$aIPL-CLA$c20220331$lBLL01$h1952
=CAT  \\$aBATCH-CLA$b00$c20221130$lBLL01$h1434
=CAT  \\$aIPL-CLA$c20221231$lBLL01$h1445
=CAT  \\$aBATCH-CLA$b00$c20230209$lBLL01$h1522
=CAT  \\$aIPL-CLA$c20230209$lBLL01$h2336
=CFI  0\$aCurrent Copyright Fee: GBP31.92$c0$e09-feb-2023$fGBP31.92$g0$hC$5Uk
=CFI  2\$aBritish Library not licensed to copy$c0$e01-jan-2023$hC$iCFP Excluded$5Uk
=FIN  \\$aY
=FMT  \\$a  SE
=LAS  \\$aIPL-CLA$b00$c20230209$lBLL01$h2336
=LEO  \\$aMP10.0000198420
=LEO  \\$aMP25.0000223281
=SRC  \\$aDSS01$bbibmp10.200404.2.aa
=SRC  \\$aSRI01$bbibmp25.200404.2.aa
=TCO  \\$aTRS$bCCC$c008
=TOC  \\$aETOC

