=LDR  02999cas a22007097a 4500
=001  012902216
=003  Uk
=005  20211231154239.0
=008  040421c20049999ne\\x\p\\\\\\\0\\\a0eng\\
=022  \\$a1479-0661
=040  \\$aUk$beng$cUk
=222  \0$aAdvances in political psychology
=245  00$aAdvances in political psychology.
=260  \\$aAmsterdam :$bElsevier.
=336  \\$atext$2rdacontent
=337  \\$aunmediated$2rdamedia
=338  \\$avolume$2rdacarrier
=540  \\$aCurrent copyright fee: GBP34.30$c5\1$5Uk
=852  41$aBritish Library$bDSC$j0710.290000$3Volume 1 (2004)
=856  \\$31850-9999$uhttp://www.elsevier.com/journals$xBLDSS
=945  \\$aAdvances in political psychology
=959  \\$fHeld but not currently received
=985  \\$aNetherlands ISSN centre took responsibility for ISSN 8.3.05
=ACF  \\$aPrevious copyright fee: GBP19.00$c5\1$e01-jan-2008$fGBP19.00$g0$hP$5Uk
=ACF  \\$aPrevious copyright fee: GBP18.00$c5\1$e25-feb-2005$fGBP18.00$g0$hP$5Uk
=ACF  \\$aPrevious copyright fee: GBP20.00$c5\1$e01-jan-2009$fGBP20.00$g0$hP$5Uk
=ACF  \\$aPrevious copyright fee: GBP21.00$c5\1$e01-jan-2012$fGBP21.00$g0$hP$5Uk
=ACF  \\$aPrevious copyright fee: GBP22.50$c5\1$e01-jan-2013$fGBP22.50$g0$hP$5Uk
=ACF  \\$aPrevious copyright fee: GBP23.40$c5\1$e01-jan-2018$fGBP23.40$g0$hP$5Uk
=CAT  \\$a8201$b40$c20040421$lTMP01$h1503
=CAT  \\$aBATCH-UPD$b40$c20060901$lBLL01$h0956
=CAT  \\$aBATCH-UPD$b40$c20060901$lBLL01$h1029
=CAT  \\$aBATCH-UPD$b40$c20071114$lBLL01$h1544
=CAT  \\$aBATCH-UPD$b40$c20071231$lBLL01$h2039
=CAT  \\$aBATCH-UPD$b40$c20071231$lBLL01$h2148
=CAT  \\$aBATCH$b00$c20071231$lBLL01$h2251
=CAT  \\$aBATCH-UPD$b00$c20081119$lBLL01$h1600
=CAT  \\$aBATCH-UPD$b00$c20081231$lBLL01$h2317
=CAT  \\$aBATCH-UPD$b00$c20090101$lBLL01$h0051
=CAT  \\$aBATCH$b00$c20090101$lBLL01$h0226
=CAT  \\$aBATCH-UPD$b00$c20111123$lBLL01$h1853
=CAT  \\$aIPL-CLA$c20111230$lBLL01$h2018
=CAT  \\$aBATCH-CLA$b00$c20121109$lBLL01$h1731
=CAT  \\$aBATCH-UPD$b00$c20121121$lBLL01$h1656
=CAT  \\$aIPL-CLA$c20121231$lBLL01$h1311
=CAT  \\$aIPL-CLA$c20130102$lBLL01$h1730
=CAT  \\$aBLDSS-3PM$b00$c20141222$lBLL01$h1713
=CAT  \\$aBATCH-UPD$b00$c20160413$lBLL01$h1818
=CAT  \\$aBATCH-UPD$b00$c20161212$lBLL01$h1145
=CAT  \\$aBATCH-UPD$b00$c20171121$lBLL01$h1743
=CAT  \\$aIPL-CLA$c20171231$lBLL01$h1630
=CAT  \\$aBATCH-UPD$b00$c20190521$lBLL01$h1435
=CAT  \\$aIPL-CLA$c20190630$lBLL01$h1532
=CAT  \\$aBATCH-UPD$b00$c20211119$lBLL01$h1553
=CAT  \\$aIPL-CLA$c20211231$lBLL01$h1542
=CFI  0\$aCurrent copyright fee: GBP34.30$c5\1$e01-jan-2022$fGBP34.30$g0$hP$5Uk
=CFI  2\$aPrevious copyright fee: GBP32.84$c5\1$e01-jul-2019$fGBP32.84$g0$hP$5Uk
=FFP  \\$aY$bBLDSS-3PM
=FMT  \\$a  SE
=LAS  \\$aIPL-CLA$b00$c20211231$lBLL01$h1542
=TCO  \\$aNLD$bSTICHTING REPRORECHT$c008
=TOC  \\$aETOC

