=LDR  02937 as a2200769 a 4500
=001  012907358
=003  Uk
=005  20110711185313.0
=007  ta
=008  040428c20059999ne\qr\p\\\\\\\0\\\a0eng\\
=022  0\$a1740-4460
=040  \\$aUk$beng$cUk
=042  \\$aukblsr
=082  04$a004.165$222
=222  \0$aJournal of embedded computing
=245  00$aJournal of embedded computing.
=260  \\$aAmsterdam :$bIOS Press,$c2005-
=300  \\$av. :$bill. ;$c27 cm.
=310  \\$aQuarterly
=336  \\$atext$2rdacontent
=337  \\$aunmediated$2rdamedia
=338  \\$avolume$2rdacarrier
=362  0\$aVol. 1, no. 1 (2005)-
=540  \\$aCurrent copyright fee: GBP15.00$c27\0$5Uk
=650  \0$aEmbedded computer systems$vPeriodicals.
=852  41$aBritish Library$bDSC$j4976.900000$3Vol. 1, no. 1 (2005)-v. 4, issue 3/4 (2010/2011)
=856  \\$31850-9999$uhttp://www.iospress.nl/$xBLDSS
=945  \\$aJournal of embedded computing
=959  \\$fHeld but not currently received
=985  \\$aISSN UK Centre: Responsibility taken for ISSN by Netherlands Centre, date unknown.
=ACF  \\$aPrevious copyright fee: GBP6.00$c0$e01-apr-2008$fGBP6.00$g0$hA$5Uk
=ACF  \\$aPrevious Copyright Fee: GBP5.00$c0$e07-jul-2004$fGBP5.00$g0$hA$5Uk
=CAT  \\$a9604$b40$c20040428$lTMP01$h1549
=CAT  \\$a9683$b40$c20040714$lBLL01$h1403
=CAT  \\$a9683$b40$c20040714$lBLL01$h1404
=CAT  \\$a5552$b40$c20050225$lBLL01$h1145
=CAT  \\$a5552$b40$c20050227$lBLL01$h1439
=CAT  \\$a8180$b40$c20070111$lBLL01$h0922
=CAT  \\$a11439$b40$c20070111$lBLL01$h1142
=CAT  \\$a11439$b40$c20070111$lBLL01$h1143
=CAT  \\$a11400$b40$c20070112$lBLL01$h1538
=CAT  \\$aBATCH-UPD$b40$c20080223$lBLL01$h1959
=CAT  \\$aBATCH-UPD$b40$c20080225$lBLL01$h2240
=CAT  \\$aBATCH-UPD$b40$c20080330$lBLL01$h0801
=CAT  \\$aBATCH-UPD$b40$c20080330$lBLL01$h1557
=CAT  \\$aBATCH$b00$c20080330$lBLL01$h2258
=CAT  \\$aBATCH-UPD$b00$c20100226$lBLL01$h0138
=CAT  \\$aBATCH-UPD$b00$c20100331$lBLL01$h2332
=CAT  \\$aBATCH-UPD$b00$c20100401$lBLL01$h0250
=CAT  \\$aBATCH$b00$c20100401$lBLL01$h0554
=CAT  \\$aBATCH$b00$c20100401$lBLL01$h1627
=CAT  \\$a5552$b40$c20101029$lBLL01$h1450
=CAT  \\$aCDS12-UPD$b40$c20110711$lBLL01$h1853
=CAT  \\$aBATCH-CLA$b00$c20121109$lBLL01$h1731
=CAT  \\$aWR13_087$c20130612$lBLL01$h1629
=CAT  \\$aWR14_140$c20140905$lBLL01$h1805
=CAT  \\$aBLDSS-3PM$b00$c20150111$lBLL01$h1521
=CAT  \\$aBATCH-UPD$b00$c20190208$lBLL01$h1227
=CFI  0\$aCurrent copyright fee: GBP15.00$c27\0$e29-oct-2010$fGBP15.00$g0$hP$5Uk
=CFI  2\$aCurrent copyright fee: GBP9.00$c0$e01-apr-2010$fGBP9.00$g0$hA$5Uk
=FFP  \\$aY$bBLDSS-3PM
=FIN  \\$aY$d20070111
=FMT  \\$a  SE
=LAS  \\$aBATCH-UPD$b00$c20190208$lBLL01$h1227
=TCO  \\$aNLD$bSTICHTING REPRORECHT$c008
=TOC  \\$aETOC
=UNO  \\$aY

