=LDR  04995cas a2201081 a 4500
=001  012907867
=003  Uk
=005  20221231144524.0
=006  m\\\\\\\\d\|\\\\\\
=007  cr||||||||||||
=008  040429c20009999ne\qr\p\\\\\\\0\\\a0eng\\
=015  \\$aGBB404500$2bnb
=022  0\$a1741-6205
=037  \\$bPortico$nCambridge University Press$aBL_15667529
=037  3\$aISSN_15667529$bPortico$nCambridge University Press
=040  \\$aUk$beng$cUk$dUk
=042  \\$aukblsr
=082  04$a346.407$223
=130  0\$aEuropean business organization law review (Online)
=222  \0$aEuropean business organization law review$b(Online)
=245  10$aEuropean business organization law review$h[electronic resource].
=246  13$aEBOR
=260  \\$aThe Hague :$bT.M.C. Asser Press ;$aCambridge :$bDistributed by Cambridge University Press
=264  31$32015-$aHeidelberg :$bSpringer ;$a[The Hague] :$bAsser Press
=310  \\$aQuarterly
=336  \\$atext$2rdacontent
=337  \\$acomputer$2rdamedia
=338  \\$aonline resource$2rdacarrier
=362  0\$aVol. 1, issue 01 (2000)-
=500  \\$aTitle from journal home page (Cambridge Journals, viewed Jan. 9, 2013).
=538  \\$aMode of access: World Wide Web.
=540  \\$aCurrent copyright fee: GBP29.95$c22\1$5Uk
=588  \\$aLatest issue consulted: Vol. 13, issue 04 (Dec. 2012) (viewed Jan. 9, 2013).
=650  \0$aBusiness law$zEurope$vPeriodicals.
=776  08$iPrint version:$tEuropean business organization law review$x1566-7529
=852  \\$aBritish Library$bDSC$j3829.554600$3Volume 19:Issue 1(2018)-***See ESTAR for full holdings.
=852  41$aBritish Library$bHMNTS$jELD Digital Store$3Volume 14:Number 4(2013)-Volume 15:Number 4(2014:Dec.)***Previous issues available in print copy
=856  \\$31850-9999$uhttp://www.cambridge.org/$xBLDSS
=856  40$uhttp://journals.cambridge.org/action/displayJournal?jid=EBR
=859  \\$aELD$bejournal
=945  \\$aEuropean business organization law review
=959  \\$fCurrently received
=985  \\$aResponsibility for ISSN agreed to be taken by Netherlands ISSN Centre. 8.9.05.
=985  \\$aEjournal project 2012.
=ACF  \\$aBritish Library not licensed to copy$c0$e01-jan-2009$hC$iCLA Excluded$5Uk
=ACF  \\$aBritish Library not licensed to copy$c0$e01-oct-2008$hC$iCLA Excluded$5Uk
=ACF  \\$aPrevious copyright fee: GBP20.00$c43\0$e01-jul-2009$fGBP20.00$g0$hP$5Uk
=ACF  \\$aBritish Library not licensed to copy$c0$e01-apr-2009$hC$iCLA Excluded$5Uk
=ACF  \\$aPrevious copyright fee: GBP26.63$c22\1$e01-jul-2015$fGBP26.63$g0$hP$5Uk
=ACF  \\$aPrevious copyright fee: GBP25.77$c22\1$e01-oct-2015$fGBP25.77$g0$hP$5Uk
=ACF  \\$aPrevious copyright fee: GBP27.55$c22\1$e01-apr-2016$fGBP27.55$g0$hP$5Uk
=ACF  \\$aPrevious copyright fee: GBP29.59$c22\1$e01-oct-2016$fGBP29.59$g0$hP$5Uk
=ACF  \\$aPrevious copyright fee: GBP31.96$c22\1$e01-apr-2017$fGBP31.96$g0$hP$5Uk
=ACF  \\$aPrevious copyright fee: GBP30.73$c22\1$e01-oct-2017$fGBP30.73$g0$hP$5Uk
=ACF  \\$aPrevious copyright fee: GBP28.54$c22\1$e01-apr-2018$fGBP28.54$g0$hP$5Uk
=CAT  \\$a8201$b40$c20040429$lTMP01$h1353
=CAT  \\$aIPL-CLA$c20150930$lBLL01$h1802
=CAT  \\$aBATCH-UPD$b00$c20160217$lBLL01$h1719
=CAT  \\$aIPL-CLA$c20160331$lBLL01$h1723
=CAT  \\$aBATCH-UPD$b00$c20160413$lBLL01$h1818
=CAT  \\$aBATCH-UPD$b00$c20160824$lBLL01$h1748
=CAT  \\$aBATCH-UPD$b00$c20160824$lBLL01$h1839
=CAT  \\$aIPL-CLA$c20160930$lBLL01$h1600
=CAT  \\$aBATCH-UPD$b00$c20170216$lBLL01$h1835
=CAT  \\$aIPL-CLA$c20170331$lBLL01$h1842
=CAT  \\$a5552$b40$c20170523$lBLL01$h1229
=CAT  \\$a5410$b40$c20170802$lBLL01$h1515
=CAT  \\$aBATCH-UPD$b40$c20170904$lBLL01$h1844
=CAT  \\$aIPL-CLA$c20170929$lBLL01$h1726
=CAT  \\$aW1711-1005$c20171206$lBLL01$h1816
=CAT  \\$a11033$b40$c20180222$lBLL01$h1601
=CAT  \\$aBATCH-UPD$b40$c20180223$lBLL01$h1703
=CAT  \\$a8055$b40$c20180323$lBLL01$h1352
=CAT  \\$a8055$b40$c20180323$lBLL01$h1356
=CAT  \\$aIPL-CLA$c20180331$lBLL01$h1617
=CAT  \\$aBATCH-UPD$b00$c20180524$lBLL01$h1708
=CAT  \\$aIPL-CLA$c20180630$lBLL01$h1915
=CAT  \\$a5410$b40$c20191101$lBLL01$h1147
=CAT  \\$a5552$b40$c20200813$lBLL01$h1226
=CAT  \\$aBATCH-UPD$b40$c20221121$lBLL01$h1359
=CAT  \\$aIPL-CLA$c20221231$lBLL01$h1445
=CFI  0\$aCurrent copyright fee: GBP29.95$c22\1$e01-jan-2023$fGBP29.95$g0$hP$5Uk
=CFI  2\$aPrevious copyright fee: GBP34.00$c22\1$e01-jul-2018$fGBP34.00$g0$hP$5Uk
=EST  \\$a1
=FFP  \\$aY$bBLDSS-3PM
=FIN  \\$aY$d20130110
=FMT  \\$a  SE
=LAS  \\$aIPL-CLA$b00$c20221231$lBLL01$h1445
=LKR  \\$aPAR$b007858114$lBLL01$nEuropean business organization law review (Print)$mEuropean business organization law review (Online)$r776
=MNI  \\$a1566-7529
=TCO  \\$aNLD$bSTICHTING REPRORECHT$c008
=TOC  \\$aETOC
=UNO  \\$aY

