=LDR  05432cas a2201177 a 4500
=001  012908637
=003  Uk
=005  20221231144525.0
=006  m\\\\\\\\d\|\\\\\\
=007  cr||||||||||||
=008  040430c19729999enkbr\p\s\\\\\0\\\a0eng\\
=015  \\$aGBA765130$2bnb
=022  \\$y0307-1847$a1744-0378
=037  \\$aISSN_03071847$bPortico$nTaylor & Francis
=040  \\$aUk$beng$cUk$dUk
=042  \\$aukblsr
=082  04$a355.005$222
=210  0\$aRUSI j.$b(Online)
=222  \0$aRUSI journal$b(Online)
=245  04$aThe RUSI journal$h[electronic resource].
=246  30$aRoyal United Services Institute for Defence & Security Studies journal
=246  30$aJournal (Royal United Services Institute for Defence & Security Studies)
=260  \\$aLondon :$bRUSI
=260  3\$32007-$aLondon :$bRoutledge
=310  \\$aBimonthly
=336  \\$atext$2rdacontent
=337  \\$acomputer$2rdamedia
=338  \\$aonline resource$2rdacarrier
=362  1\$aPrint began in 1972.
=516  \\$aPDF format.
=530  \\$aAlso issued in print.
=538  \\$aMode of access: World Wide Web.
=540  \\$aCurrent copyright fee: GBP37.00$c2\0$5Uk
=588  \\$aDescription based on vol. 152, issue 1 (2007); title from Taylor & Francis Web site (viewed on 14th Aug. 2007).
=588  \\$aLatest issue consulted: volume 160, issue 5 (2015) (Taylor & Francis Online, viewed November 30, 2015).
=650  \0$aMilitary art and science$vPeriodicals.
=650  \0$aNaval art and science$vPeriodicals.
=710  2\$aRoyal United Services Institute for Defence and Security Studies.
=776  1\$tRUSI$x0307-1847
=780  00$tJournal of the Royal United Services Institute for Defence Studies
=852  41$aBritish Library$bHMNTS$jELD Digital store$3Volume 161:Issue 1(2016)-
=852  41$aBritish Library$bDSC$j8052.647530$3Volume 153:Issue 1(2008)-Volume 162:Issue 6(2017)***See ESTAR for full holdings.
=856  \\$31850-9999$uhttp://www.tandfonline.com/$xBLDSS
=856  4\$uhttp://miranda.ingentaselect.com/vl=1289439/cl=13/nw=1/rpsv/cw/rusi/03071847/contp1-1.htm$zLink no longer valid
=856  40$uhttp://www.tandf.co.uk/journals/titles/03071847.asp
=859  \\$aELD$bejournal
=945  \\$aRUSI journal
=959  \\$fHeld but not currently received
=979  \\$aBritish Library$bDSC$j8052.647530
=985  \\$aISSN responsibility taken by United States ISSN Center (multinational publisher agreement), April 16 2014.
=ACF  \\$aPrevious copyright fee: GBP17.00$c2\0$e01-jan-2010$fGBP17.00$g0$hP$5Uk
=ACF  \\$aPrevious copyright fee: GBP16.00$c2\0$e01-jan-2009$fGBP16.00$g0$hP$5Uk
=ACF  \\$aPrevious copyright fee: GBP15.00$c2\0$e01-apr-2008$fGBP15.00$g0$hP$5Uk
=ACF  \\$aPrevious Copyright Fee: GBP16.00$c2\0$e07-sep-2007$fGBP16.00$g0$hP$5Uk
=ACF  \\$aPrevious copyright fee: GBP21.00$c2\0$e01-jan-2011$fGBP21.00$g0$hP$5Uk
=ACF  \\$aPrevious copyright fee: GBP23.00$c2\0$e01-jan-2012$fGBP23.00$g0$hP$5Uk
=ACF  \\$aPrevious copyright fee: GBP23.50$c2\0$e01-jan-2013$fGBP23.50$g0$hP$5Uk
=ACF  \\$aPrevious copyright fee: GBP24.00$c2\0$e01-jan-2014$fGBP24.00$g0$hP$5Uk
=ACF  \\$aPrevious copyright fee: GBP25.00$c2\0$e01-jan-2015$fGBP25.00$g0$hP$5Uk
=ACF  \\$aPrevious copyright fee: GBP26.00$c2\0$e01-jan-2016$fGBP26.00$g0$hP$5Uk
=ACF  \\$aPrevious copyright fee: GBP28.00$c2\0$e01-jan-2017$fGBP28.00$g0$hP$5Uk
=ACF  \\$aPrevious copyright fee: GBP30.00$c2\0$e01-jan-2018$fGBP30.00$g0$hP$5Uk
=ACF  \\$aPrevious copyright fee: GBP32.00$c2\0$e01-jan-2019$fGBP32.00$g0$hP$5Uk
=ACF  \\$aPrevious copyright fee: GBP34.00$c2\0$e01-jan-2020$fGBP34.00$g0$hP$5Uk
=CAT  \\$a9570$b40$c20040430$lTMP01$h1627
=CAT  \\$aBATCH-UPD$b40$c20141124$lBLL01$h1802
=CAT  \\$aBLDSS-3PM$b00$c20141130$lBLL01$h1248
=CAT  \\$aIPL-CLA$c20141231$lBLL01$h1651
=CAT  \\$aBATCH-UPD$b00$c20150423$lBLL01$h2122
=CAT  \\$aBATCH-UPD$b00$c20151119$lBLL01$h1543
=CAT  \\$a11316$b40$c20151130$lBLL01$h1404
=CAT  \\$a11433$b40$c20151218$lBLL01$h1413
=CAT  \\$aIPL-CLA$c20151231$lBLL01$h1920
=CAT  \\$a14448$b40$c20160201$lBLL01$h0736
=CAT  \\$aBATCH-UPD$b40$c20160522$lBLL01$h2347
=CAT  \\$aBATCH-UPD$b40$c20161122$lBLL01$h1512
=CAT  \\$aIPL-CLA$c20161230$lBLL01$h2123
=CAT  \\$aBATCH-UPD$b00$c20171121$lBLL01$h1646
=CAT  \\$aW1711-1005$c20171206$lBLL01$h1816
=CAT  \\$aIPL-CLA$c20171231$lBLL01$h1630
=CAT  \\$aBATCH-UPD$b00$c20181217$lBLL01$h1637
=CAT  \\$aIPL-CLA$c20181231$lBLL01$h1540
=CAT  \\$aW1811-111$c20190203$lBLL01$h0956
=CAT  \\$aBATCH-UPD$b00$c20191122$lBLL01$h1900
=CAT  \\$aIPL-CLA$c20191231$lBLL01$h1927
=CAT  \\$aBATCH-UPD$b00$c20201118$lBLL01$h1333
=CAT  \\$aIPL-CLA$c20201231$lBLL01$h1528
=CAT  \\$a5410$b40$c20221120$lBLL01$h1134
=CAT  \\$aBATCH-UPD$b40$c20221121$lBLL01$h1346
=CAT  \\$aIPL-CLA$c20221231$lBLL01$h1445
=CFI  0\$aCurrent copyright fee: GBP37.00$c2\0$e01-jan-2023$fGBP37.00$g0$hP$5Uk
=CFI  2\$aPrevious copyright fee: GBP35.00$c2\0$e01-jan-2021$fGBP35.00$g0$hP$5Uk
=EST  \\$a1
=FFP  \\$aY$bBLDSS-3PM
=FIN  \\$aY
=FMT  \\$a  SE
=LAS  \\$aIPL-CLA$b00$c20221231$lBLL01$h1445
=LKR  \\$aPAR$b009863319$lBLL01$r776$mRUSI journal (Online)$nRUSI (journal)
=MNI  \\$a0307-1847
=TCO  \\$aCLA$bCLA$c008
=TOC  \\$aETOC

