=LDR  05098cas a2201069 a 4500
=001  012909201
=003  Uk
=005  20221231144525.0
=008  040504c20049999enkbr\p\\\\\\\0\\\a0eng\\
=015  \\$aGBA510482$2bnb
=022  \\$a1740-5629
=040  \\$aUk$beng$cUk$dUk
=042  \\$aukblsr
=046  \\$at
=082  04$a155.05$222
=222  \0$aEuropean journal of developmental psychology
=245  04$aThe European journal of developmental psychology.
=260  \\$aBasingstoke :$bPsychology Press,$c2004-
=264  31$aAbingdon :$bTaylor & Francis
=300  \\$av. :$bill. ;$c24 cm.
=310  \\$aBimonthly
=321  \\$aQuarterly
=336  \\$atext$2rdacontent
=337  \\$aunmediated$2rdamedia
=338  \\$avolume$2rdacarrier
=362  0\$aVol. 1, issue 1 (Mar. 2004)-
=540  \\$aCurrent copyright fee: GBP37.00$c2\0$5Uk
=550  \\$aOfficial publication of the European Society for Developmental Psychology, 2004->; European Association for Developmental Psychology, <2014-.
=588  \\$aLatest issue consulted: volume 11, issue 5 (September 2014).
=650  \0$aDevelopmental psychology$vPeriodicals.
=650  \0$aDevelopmental psychology$zEurope$vPeriodicals.
=710  2\$aEuropean Society for Developmental Psychology.
=710  2\$aEuropean Association for Developmental Psychology.
=776  08$iAlso issued online as:$tEuropean journal of developmental psychology (Online)$x1740-5610
=852  \\$aBritish Library$bDSC$j3829.728282$3Volume 1, Issue 1 (2004)-Volume 2, Issue 4(2005)
=852  41$aBritish Library$bHMNTS$jZC.9.a.7154$3Vol. 1, Iss. 1, 2004- v. 12 issue 12 (2015)***title now taken as electronic copy only
=856  \\$31850-9999$uhttp://www.tandfonline.com/$xBLDSS
=945  \\$aEuropean journal of developmental psychology
=959  \\$fHeld but not currently received
=985  \\$aISSN responsibility taken by US ISSN Center, 11.09.2014.
=ACF  \\$aPrevious copyright fee: GBP21.00$c2\0$e01-jan-2010$fGBP21.00$g0$hP$5Uk
=ACF  \\$aPrevious copyright fee: GBP20.00$c2\0$e01-jan-2009$fGBP20.00$g0$hP$5Uk
=ACF  \\$aPrevious copyright fee: GBP19.00$c2\0$e01-apr-2008$fGBP19.00$g0$hP$5Uk
=ACF  \\$aPrevious copyright fee: GBP20.00$c2\0$e01-jan-2007$fGBP20.00$g0$hP$5Uk
=ACF  \\$aPrevious copyright fee: GBP18.00$c2\0$e01-jan-2005$fGBP18.00$g0$hP$5Uk
=ACF  \\$aPrevious copyright fee: GBP15.00$c2\0$e01-jan-2004$fGBP15.00$g0$hP$5Uk
=ACF  \\$aPrevious copyright fee: GBP25.00$c2\0$e01-jan-2011$fGBP25.00$g0$hP$5Uk
=ACF  \\$aPrevious copyright fee: GBP27.50$c2\0$e01-jan-2013$fGBP27.50$g0$hP$5Uk
=ACF  \\$aPrevious copyright fee: GBP27.00$c2\0$e01-jan-2012$fGBP27.00$g0$hP$5Uk
=ACF  \\$aPrevious copyright fee: GBP23.50$c2\0$e04-nov-2013$fGBP23.50$g0$hP$5Uk
=ACF  \\$aPrevious copyright fee: GBP24.00$c2\0$e01-jan-2014$fGBP24.00$g0$hP$5Uk
=ACF  \\$aPrevious copyright fee: GBP25.00$c2\0$e01-jan-2015$fGBP25.00$g0$hP$5Uk
=ACF  \\$aPrevious copyright fee: GBP26.00$c2\0$e01-jan-2016$fGBP26.00$g0$hP$5Uk
=ACF  \\$aPrevious copyright fee: GBP28.00$c2\0$e01-jan-2017$fGBP28.00$g0$hP$5Uk
=ACF  \\$aPrevious copyright fee: GBP30.00$c2\0$e01-jan-2018$fGBP30.00$g0$hP$5Uk
=ACF  \\$aPrevious copyright fee: GBP32.00$c2\0$e01-jan-2019$fGBP32.00$g0$hP$5Uk
=ACF  \\$aPrevious copyright fee: GBP34.00$c2\0$e01-jan-2020$fGBP34.00$g0$hP$5Uk
=CAT  \\$a8201$b40$c20040504$lTMP01$h1152
=CAT  \\$aBATCH-CLA$b00$c20140125$lBLL01$h1319
=CAT  \\$aBATCH-CLA$c20140225$lBLL01$h2321
=CAT  \\$aWR14_140$c20140905$lBLL01$h1805
=CAT  \\$a11205$b40$c20140909$lBLL01$h1356
=CAT  \\$a11313$b40$c20140911$lBLL01$h0834
=CAT  \\$aBATCH-UPD$b40$c20141124$lBLL01$h1802
=CAT  \\$aBLDSS-3PM$b00$c20141130$lBLL01$h1248
=CAT  \\$aIPL-CLA$c20141231$lBLL01$h1651
=CAT  \\$aBATCH-UPD$b00$c20151119$lBLL01$h1543
=CAT  \\$aIPL-CLA$c20151231$lBLL01$h1920
=CAT  \\$a11205$b40$c20160222$lBLL01$h1338
=CAT  \\$a11205$b40$c20160222$lBLL01$h1341
=CAT  \\$aBATCH-UPD$b40$c20161122$lBLL01$h1512
=CAT  \\$aBATCH-UPD$b40$c20161122$lBLL01$h1611
=CAT  \\$aIPL-CLA$c20161230$lBLL01$h2123
=CAT  \\$aBATCH-UPD$b00$c20171121$lBLL01$h1646
=CAT  \\$aIPL-CLA$c20171231$lBLL01$h1630
=CAT  \\$aBATCH-UPD$b00$c20181217$lBLL01$h1637
=CAT  \\$aIPL-CLA$c20181231$lBLL01$h1540
=CAT  \\$aBATCH-UPD$b00$c20191122$lBLL01$h1900
=CAT  \\$aIPL-CLA$c20191231$lBLL01$h1927
=CAT  \\$aBATCH-UPD$b00$c20201118$lBLL01$h1333
=CAT  \\$aIPL-CLA$c20201231$lBLL01$h1528
=CAT  \\$aBATCH-UPD$b00$c20221121$lBLL01$h1346
=CAT  \\$aIPL-CLA$c20221231$lBLL01$h1445
=CFI  0\$aCurrent copyright fee: GBP37.00$c2\0$e01-jan-2023$fGBP37.00$g0$hP$5Uk
=CFI  2\$aPrevious copyright fee: GBP35.00$c2\0$e01-jan-2021$fGBP35.00$g0$hP$5Uk
=FFP  \\$aY$bBLDSS-3PM
=FIN  \\$aY$d20050207
=FMT  \\$a  SE
=LAS  \\$aIPL-CLA$b00$c20221231$lBLL01$h1445
=LET  \0$aEuropean journal of developmental psychology (Print)
=TCO  \\$aCLA$bCLA$c008
=TOC  \\$aETOC

