=LDR  06319cas a2201237 a 4500
=001  012909556
=003  Uk
=005  20221231144526.0
=007  ta
=008  040504c20059999enkfr\p\\\\\\\0\\\a0eng\\
=015  \\$aGBA580902$2bnb
=022  0\$a1744-1048
=040  \\$aUk$beng$cUk
=042  \\$aukblsr
=082  04$a340.905$222
=222  \0$aJournal of private international law
=245  00$aJournal of private international law.
=260  \\$aOxford :$bHart,$c2005-
=264  31$32015-$aAbingdon :$bTaylor & Francis
=300  \\$av. ;$c24 cm.
=310  \\$aThree times a year,$b2008-
=321  \\$aSemiannual,$b2005-2007
=336  \\$atext$2rdacontent
=337  \\$aunmediated$2rdamedia
=338  \\$avolume$2rdacarrier
=362  0\$aVol. 1, no. 1 (Apr. 2005)-
=540  \\$aCurrent copyright fee: GBP37.00$c2\0$5Uk
=588  \\$aLatest issue consulted: volume 10, number 3 (December 2014); also pdf of editorial pages, volume 11, number 1 (2015).
=650  \0$aConflict of laws$vPeriodicals.
=776  08$iAlso issued in online as:$tJournal of private international law (Online)$x1757-8418
=852  41$aBritish Library$bDSC$j5042.472500$3Vol. 1, no. 1 (2005)-v. 10, no. 3 (2014)
=852  41$aBritish Library$bHMNTS$jZC.9.a.7487$3Vol. 1, no. 1 (2005)-v. 10, no. 1 (2014)***Title now taken as electronic copy only
=856  \\$31850-9999$uhttp://www.tandfonline.com/$xBLDSS
=945  \\$aJournal of private international law
=959  \\$fHeld but not currently received
=985  \\$aISSN note: responsibility for ISSN transferred to US under multinational publisher agreement (T&F). 21.08.15.
=ACF  \\$aPrevious Copyright Fee: GBP16.00$c0$e01-apr-2012$fGBP16.00$g0$hC$5Uk
=ACF  \\$aPrevious Copyright Fee: GBP16.00$c0$e01-jan-2012$fGBP16.00$g0$hC$5Uk
=ACF  \\$aPrevious Copyright Fee: GBP16.00$c0$e01-oct-2011$fGBP16.00$g0$hC$5Uk
=ACF  \\$aPrevious Copyright Fee: GBP16.00$c0$e01-jul-2011$fGBP16.00$g0$hC$5Uk
=ACF  \\$aPrevious Copyright Fee: GBP16.00$c0$e01-apr-2011$fGBP16.00$g0$hC$5Uk
=ACF  \\$aPrevious Copyright Fee: GBP16.00$c0$e01-jan-2011$fGBP16.00$g0$hC$5Uk
=ACF  \\$aPrevious Copyright Fee: GBP16.00$c0$e01-oct-2010$fGBP16.00$g0$hC$5Uk
=ACF  \\$aPrevious Copyright Fee: GBP16.00$c0$e01-jul-2010$fGBP16.00$g0$hC$5Uk
=ACF  \\$aPrevious Copyright Fee: GBP16.00$c0$e01-apr-2010$fGBP16.00$g0$hC$5Uk
=ACF  \\$aPrevious Copyright Fee: GBP16.00$c0$e01-Jan-2010$fGBP16.00$g0$hC$5Uk
=ACF  \\$aPrevious Copyright Fee: GBP16.00$c0$e01-oct-2009$fGBP16.00$g0$hC$5Uk
=ACF  \\$aPrevious Copyright Fee: GBP16.00$c0$e01-jul-2009$fGBP16.00$g0$hC$5Uk
=ACF  \\$aPrevious Copyright Fee: GBP16.00$c0$e01-apr-2009$fGBP16.00$g0$hC$5Uk
=ACF  \\$aPrevious Copyright Fee: GBP16.00$c0$e01-jan-2009$fGBP16.00$g0$hC$5Uk
=ACF  \\$aPrevious Copyright Fee: GBP16.00$c0$e01-oct-2008$fGBP16.00$g0$hC$5Uk
=ACF  \\$aPrevious Copyright Fee: GBP16.00$c0$e01-jul-2008$fGBP16.00$g0$hC$5Uk
=ACF  \\$aPrevious Copyright Fee: GBP16.00$c0$e01-apr-2008$fGBP16.00$g0$hC$5Uk
=ACF  \\$aPrevious Copyright Fee: GBP16.00$c0$e01-jan-2008$fGBP16.00$g0$hC$5Uk
=ACF  \\$aPrevious Copyright Fee: GBP16.00$c0$e01-oct-2007$fGBP16.00$g0$hC$5Uk
=ACF  \\$aPrevious Copyright Fee: GBP16.00$c0$e01-jul-2007$fGBP16.00$g0$hC$5Uk
=ACF  \\$aPrevious Copyright Fee: GBP5.00$c0$e01-apr-2007$fGBP5.00$g0$hC$5Uk
=ACF  \\$aPrevious Copyright Fee: GBP5.00$c0$e01-jan-2007$fGBP5.00$g0$hC$5Uk
=ACF  \\$aPrevious Copyright Fee: GBP5.00$c0$e01-oct-2006$fGBP5.00$g0$hC$5Uk
=ACF  \\$aPrevious Copyright Fee: GBP5.00$c0$e01-jul-2006$fGBP5.00$g0$hC$5Uk
=ACF  \\$aPrevious Copyright Fee: GBP5.00$c0$e01-apr-2006$fGBP5.00$g0$hC$5Uk
=ACF  \\$aPrevious Copyright Fee: GBP5.00$c0$e01-jan-2006$fGBP5.00$g0$hC$5Uk
=ACF  \\$aPrevious Copyright Fee: GBP5.00$c0$e01-oct-2005$fGBP5.00$g0$hC$5Uk
=ACF  \\$aPrevious Copyright Fee: GBP16.00$c0$e01-jul-2012$fGBP16.00$g0$hC$5Uk
=ACF  \\$aPrevious Copyright Fee: GBP16.00$c0$e01-oct-2012$fGBP16.00$g0$hC$5Uk
=ACF  \\$aPrevious Copyright Fee: GBP29.90$c0$e01-jan-2016$fGBP29.90$g0$hC$5Uk
=ACF  \\$aPrevious Copyright Fee: GBP15.00$c0$e01-oct-2014$fGBP15.00$g0$hC$5Uk
=ACF  \\$aPrevious copyright fee: GBP26.00$c2\0$e10-mar-2016$fGBP26.00$g0$hP$5Uk
=ACF  \\$aPrevious copyright fee: GBP28.00$c2\0$e01-jan-2017$fGBP28.00$g0$hP$5Uk
=ACF  \\$aPrevious copyright fee: GBP30.00$c2\0$e01-jan-2018$fGBP30.00$g0$hP$5Uk
=ACF  \\$aPrevious copyright fee: GBP32.00$c2\0$e01-jan-2019$fGBP32.00$g0$hP$5Uk
=ACF  \\$aPrevious copyright fee: GBP34.00$c2\0$e01-jan-2020$fGBP34.00$g0$hP$5Uk
=CAT  \\$a8870$b40$c20040504$lTMP01$h1633
=CAT  \\$aBATCH-CLA$b00$c20121109$lBLL01$h1731
=CAT  \\$aCDS15-UPD$b40$c20140630$lBLL01$h1054
=CAT  \\$aBATCH-CLA$b00$c20140829$lBLL01$h1543
=CAT  \\$aWR14_140$c20140905$lBLL01$h1805
=CAT  \\$aIPL-CLA$c20140930$lBLL01$h1634
=CAT  \\$a10806$b40$c20150721$lBLL01$h1402
=CAT  \\$a11315$b40$c20150821$lBLL01$h0935
=CAT  \\$aBATCH-CLA$b00$c20151127$lBLL01$h1627
=CAT  \\$aIPL-CLA$c20151231$lBLL01$h1920
=CAT  \\$a5552$b40$c20160310$lBLL01$h1352
=CAT  \\$aBLDSS-3PM$b00$c20160317$lBLL01$h1142
=CAT  \\$aBATCH-UPD$b00$c20161122$lBLL01$h1512
=CAT  \\$aBATCH-UPD$b00$c20161122$lBLL01$h1611
=CAT  \\$aIPL-CLA$c20161230$lBLL01$h2123
=CAT  \\$a5997$b40$c20170208$lBLL01$h1432
=CAT  \\$aBATCH-UPD$b40$c20171121$lBLL01$h1647
=CAT  \\$aIPL-CLA$c20171231$lBLL01$h1630
=CAT  \\$aBATCH-UPD$b00$c20181217$lBLL01$h1637
=CAT  \\$aIPL-CLA$c20181231$lBLL01$h1540
=CAT  \\$aBATCH-UPD$b00$c20191122$lBLL01$h1900
=CAT  \\$aIPL-CLA$c20191231$lBLL01$h1927
=CAT  \\$aBATCH-UPD$b00$c20201118$lBLL01$h1333
=CAT  \\$aIPL-CLA$c20201231$lBLL01$h1528
=CAT  \\$aBATCH-UPD$b00$c20221121$lBLL01$h1346
=CAT  \\$aIPL-CLA$c20221231$lBLL01$h1445
=CFI  0\$aCurrent copyright fee: GBP37.00$c2\0$e01-jan-2023$fGBP37.00$g0$hP$5Uk
=CFI  2\$aPrevious copyright fee: GBP35.00$c2\0$e01-jan-2021$fGBP35.00$g0$hP$5Uk
=FFP  \\$aY$bBLDSS-3PM
=FIN  \\$aY$d20050926
=FMT  \\$a  SE
=LAS  \\$aIPL-CLA$b00$c20221231$lBLL01$h1445
=TCO  \\$aCLA$bCLA$c008
=TOC  \\$aETOC

