=LDR  01241cas a22003977a 4500
=001  012911901
=003  Uk
=005  20220506073845.0
=007  ta
=008  040507d199920uunyumr\p\\\\\\\0\\\a0eng\\
=022  \\$a1466-1306
=040  \\$aUk$beng$cUk
=222  \0$aHit sensations
=245  00$aHit sensations.
=246  3\$aHit sensations presents
=260  \\$aNew York, NY :$bFanzine International, Inc.,$c1999-
=310  \\$aMonthly
=336  \\$atext$2rdacontent
=337  \\$aunmediated$2rdamedia
=338  \\$avolume$2rdacarrier
=500  \\$aNumbering from cover.
=588  \\$aDescription based on: volume 1, number 3.
=852  41$aBritish Library$bHMNTS$jZK.9.a.6486
=985  \\$aISSN responsibility passed to U.S. Center (06/04/22)
=CAT  \\$a9604$b40$c20040507$lTMP01$h1107
=CAT  \\$aEXLIBRIS$c20040606$lBLL01$h1133
=CAT  \\$a11130$b40$c20120127$lBLL01$h0823
=CAT  \\$a10806$b40$c20220406$lBLL01$h0847
=CAT  \\$a10806$b40$c20220406$lBLL01$h0848
=CAT  \\$a10806$b40$c20220408$lBLL01$h0941
=CAT  \\$a10806$b40$c20220506$lBLL01$h0738
=FIN  \\$aY$d20220406
=FMT  \\$a  SE
=LAS  \\$a10806$b40$c20220506$lBLL01$h0738
=SRC  \\$aDSS04$bbibld.200404.2.aa
=TCO  \\$aCLA$bCLA$c008

