=LDR  01992cas a2200565 a 4500
=001  012912395
=003  Uk
=005  20220916135017.0
=007  ta
=008  040507d200u2007cc\uu\p\\\\\\\0\\\e0chi\\
=015  \\$aGBA545344$2bnb
=040  \\$aUk$beng$cUk
=041  0\$achi$aeng
=042  \\$aukblsr
=082  04$a796.48$222
=245  00$aJingji daobao.$pTekan.$pHost city.
=246  30$aHost city
=260  \\$aXianggang :$bJingji daobaoshe.
=300  \\$av. :$bill. (some col.), col. ports. ;$c29 cm.
=336  \\$atext$2rdacontent
=337  \\$aunmediated$2rdamedia
=338  \\$avolume$2rdacarrier
=490  1\$aJingji daobao. Tekan
=500  \\$aBegan in 2003?
=500  \\$aDescription based on: Issue 2 (spring 2004)
=546  \\$aParallel Chinese and English text.
=580  \\$aSpecial issue of: Jingji daobao.
=650  \0$aOlympics$xEconomic aspects$vPeriodicals.
=650  \0$aOlympics$xSocial aspects$vPeriodicals.
=650  \0$aInfrastructure (Economics)$vPeriodicals.
=650  \0$aSports facilities$vPeriodicals.
=772  18$tJingji daobao$x0013-0265
=830  \0$aJingji daobao.$pTekan
=852  41$aBritish Library$bHMNTS$jZK.9.b.22629$3Issue 2 (2004)-Autumn (2007)
=985  \\$aISSN UK Centre assigned ISSN 1741-1904 in advance of publication, responsibility transferred to ISSN International Centre 06/2004
=CAT  \\$a9604$b40$c20040507$lTMP01$h1537
=CAT  \\$aEXLIBRIS$c20040606$lBLL01$h1133
=CAT  \\$a11316$b40$c20040628$lBLL01$h1520
=CAT  \\$a11316$b40$c20041026$lBLL01$h1534
=CAT  \\$a8323$b40$c20050526$lBLL01$h1328
=CAT  \\$a11316$b40$c20060605$lBLL01$h1231
=CAT  \\$aBATCH$b00$c20091217$lBLL01$h0319
=CAT  \\$aWR11_155$c20120104$lBLL01$h1854
=CAT  \\$aWR14_140$c20140905$lBLL01$h1805
=CAT  \\$a8874$b40$c20180326$lBLL01$h1027
=CAT  \\$a6490$b40$c20220916$lBLL01$h1350
=FIN  \\$aY$d20050526
=FMT  \\$a  SE
=LAS  \\$a6490$b40$c20220916$lBLL01$h1350
=TCO  \\$aZZZ$c008

