=LDR  01731 as a2200505 a 4500
=001  012913538
=003  Uk
=005  20170220074753.0
=007  ta
=008  040510d20042013ie\mr\p\\\\\\\0\\\a0eng\\
=015  \\$aGBA539310$2bnb
=022  0\$a1743-5226
=040  \\$aUk$beng$cUk$dUk
=042  \\$aukblsr
=082  04$a799.120941505$222
=130  0\$aIrish angler (Daventry, England)
=222  \0$aIrish angler$b(Daventry)
=245  10$aIrish angler.
=246  3\$aIrish angler magazine
=260  \\$aDaventry :$bIrish Angler Magazine,$c[2004]-2013.
=260  3\$aBallina, Mayo :$bIrish Angler Publications
=300  \\$av. :$bcol. ill., col. ports. ;$c30 cm.
=310  \\$aMonthly
=336  \\$atext$2rdacontent
=337  \\$aunmediated$2rdamedia
=338  \\$avolume$2rdacarrier
=362  1\$aBegan with issue no. 1 (May 2004)
=500  \\$aDescription based on: Issue no. 2 (June 2004)
=500  \\$aLatest issue consulted: July 2009 issue.
=650  \0$aFishing$zIreland$vPeriodicals.
=787  0\$tIrish angler ... annual
=852  41$aBritish Library$bHMNTS$jZK.9.b.22701$3Issue 1 (May 2004)- (Nov.2013)
=985  \\$aResponsibility for ISSN transferred to Irish ISSN Centre from ISSN UK Centre, 22.07.09
=CAT  \\$a9604$b40$c20040510$lTMP01$h1537
=CAT  \\$aEXLIBRIS$c20040606$lBLL01$h1133
=CAT  \\$a6537$b40$c20050509$lBLL01$h0809
=CAT  \\$a10806$b40$c20090722$lBLL01$h0903
=CAT  \\$a10973$b40$c20130911$lBLL01$h1341
=CAT  \\$a10973$b40$c20130911$lBLL01$h1356
=CAT  \\$aWR14_140$c20140905$lBLL01$h1805
=CAT  \\$a7778$b40$c20170220$lBLL01$h0747
=FIN  \\$aY$d20050509
=FMT  \\$a  SE
=LAS  \\$a7778$b40$c20170220$lBLL01$h0747
=TCO  \\$aIRL$bICLA$c008

