=LDR  02912cas a2200625 a 4500
=001  012914810
=003  Uk
=005  20151015154653.0
=007  ta
=008  040511c19999999enkar\\\\\\\\\0\\\b0spa\\
=015  \\$aGBA682831$2bnb
=022  0\$a1473-334X
=040  \\$aUk$beng$cUk
=042  \\$aukblsr
=082  04$a338.17373$222
=110  2\$aInternational Coffee Organization (1962- )
=222  \0$aAnuario$b(Organización International del Café)
=240  10$aAnnual review (International Coffee Organization (1962- ) : Spanish edition)
=245  10$aAnnual review /$cInternational Coffee Organization = Anuario / Organización International del Café.
=246  17$aAnuario de la OIC
=246  31$aAnuario
=250  \\$a[Spanish ed.].
=260  \\$aLondon :$bInternational Coffee Organization,$c1999-
=300  \\$av. :$bcol. maps ;$c30 cm.
=336  \\$atext$2rdacontent
=337  \\$aunmediated$2rdamedia
=338  \\$avolume$2rdacarrier
=362  0\$a1999/2000-
=546  \\$aTitle and author appear on the chief source in English, Spanish, Portuguese and French.
=610  20$aInternational Coffee Organization (1962- )$vPeriodicals.
=690  7\$aManagement and Business Studies$2blcoll
=775  0\$aInternational Coffee Organization (1962- ).$sAnnual review (International Coffee Organization (1962- ) : English edition)$x1473-3331
=775  0\$aInternational Coffee Organization.$sAnnual review (International Coffee Organization (1962- ) : French edition)$x1473-3358
=775  0\$aInternational Coffee Organization.$sAnnual review (International Coffee Organization (1962- ) : Portuguese edition)$x1473-3366
=852  41$aBritish Library$bHMNTS$jZK.9.b.25558$31999/2000-2017/2018
=985  \\$aISSN UK Centre note: Responsibility transferred to IC, publisher=international body (15.10.15).
=CAT  \\$a11194$b40$c20040511$lTMP01$h1520
=CAT  \\$aEXLIBRIS$c20040606$lBLL01$h1133
=CAT  \\$a6537$b40$c20060717$lBLL01$h1120
=CAT  \\$a8964$b40$c20060719$lBLL01$h1037
=CAT  \\$a8124$b40$c20060927$lBLL01$h1218
=CAT  \\$a8124$b40$c20060927$lBLL01$h1354
=CAT  \\$a8124$b40$c20060928$lBLL01$h0935
=CAT  \\$a8128$b40$c20061109$lBLL01$h1134
=CAT  \\$aBATCH$b00$c20090611$lBLL01$h1709
=CAT  \\$a11205$b40$c20130806$lBLL01$h1242
=CAT  \\$aWR14_140$c20140905$lBLL01$h1805
=CAT  \\$a10973$b40$c20151015$lBLL01$h1546
=FIN  \\$aY$d20060717
=FMT  \\$a  SE
=LAS  \\$a10973$b40$c20151015$lBLL01$h1546
=LET  \0$aAnnual review (International Coffee Organization : Spanish edition)
=LKR  \\$aPAR$b012926194$lBLL01$r775$mAnuario (Organización International del Café)$nRetrospectiva (Organização Internacional do Café)
=LKR  \\$aPAR$b012921587$lBLL01$r775$mAnuario (Organización International del Café)$nRétrospective (Organisation internationale du Café)
=TCO  \\$aCLA$bCLA$c008

