=LDR  04583cas a2200997 a 4500
=001  012915688
=003  Uk
=005  20230930080659.0
=008  040512c20049999enkbr\p\\\\\\\0\\\a0eng\\
=015  \\$aGBA517457$2bnb
=022  0\$a1478-9450
=040  \\$aUk$beng$cUk$dUk
=042  \\$aukblsr
=082  04$a572.6$222
=210  0\$aExpert rev. proteomics$b(Print)
=222  \0$aExpert review of proteomics$b(Print)
=245  00$aExpert review of proteomics.
=260  \\$aLondon (Unitec House, 3rd Floor, 2 Albert Place, Finchley Central, London N£ 1QB) :$bFuture Drugs,$c2004-
=264  21$a[Stockholm] :$bInforma Healthcare
=264  31$aLondon :$bTaylor & Francis
=300  \\$av. :$bill., ports. ;$c29 cm.
=336  \\$atext$2rdacontent
=337  \\$aunmediated$2rdamedia
=338  \\$avolume$2rdacarrier
=362  0\$aVol. 1, no. 1 (June 2004)-
=540  \\$aCurrent copyright fee: GBP73.00$c2\0$5Uk
=588  \\$aLatest issue consulted: volume 13, issues 7/12 (July/December 2016).
=650  \0$aProteins$xBiotechnology$vPeriodicals.
=650  \0$aProteomics$vPeriodicals.
=776  0\$tExpert review of proteomics$c(Online)$x1744-8387
=852  41$aBritish Library$bDSC$j3842.002997$3Vol. 1, no. 1 (2004)-v. 8, no. 6 (2011)
=852  11$aBritish Library$bSTI$k(P)$h572.6$mE(1)$3Volume 1:Number 1(2004:Jun.)- Vol. 10, no. 6(2013)***Title now taken as electronic copy
=856  \\$31850-9999$uhttp://informahealthcare.com$xBLDSS
=945  \\$aExpert review of proteomics
=959  \\$fHeld but not currently received
=985  \\$aCONFERENCE ANALYTIC RECORDS EXIST
=985  \\$aISSN responsibility transfered to US ISSN Center, 09.10.2014.
=ACF  \\$aPrevious Copyright Fee: GBP26.50$c36\0$e01-jan-2007$fGBP26.50$g0$hP$5Uk
=ACF  \\$aBritish Library not licensed to copy$c36\0$e06-oct-2006$hP$iCLA Excluded$5Uk
=ACF  \\$aCurrent Copyright Fee: GBP5.00$c0$e01-oct-2006$fGBP5.00$g0$hC$5Uk
=ACF  \\$aPrevious Copyright Fee: GBP5.00$c0$e01-jul-2006$fGBP5.00$g0$hC$5Uk
=ACF  \\$aPrevious Copyright Fee: GBP5.00$c0$e01-apr-2006$fGBP5.00$g0$hC$5Uk
=ACF  \\$aPrevious Copyright Fee: GBP5.00$c0$e01-jan-2006$fGBP5.00$g0$hC$5Uk
=ACF  \\$aPrevious Copyright Fee: GBP5.00$c0$e01-oct-2005$fGBP5.00$g0$hC$5Uk
=ACF  \\$aPrevious copyright fee: GBP3.78$c0$e24-may-2005$fGBP3.78$g0$hC$5Uk
=ACF  \\$aPrevious copyright fee: GBP30.00$c36\0$e01-jan-2008$fGBP30.00$g0$hP$5Uk
=ACF  \\$aPrevious copyright fee: GBP35.00$c36\0$e01-jan-2011$fGBP35.00$g0$hP$5Uk
=ACF  \\$aPrevious copyright fee: GBP57.00$c36\0$e01-apr-2014$fGBP57.00$g0$hP$5Uk
=ACF  \\$aPrevious copyright fee: GBP59.00$c45\0$e01-jan-2017$fGBP59.00$g0$hP$5Uk
=ACF  \\$aPrevious copyright fee: GBP66.00$c45\0$e01-jan-2019$fGBP66.00$g0$hP$5Uk
=ACF  \\$aPrevious copyright fee: GBP69.00$c45\0$e01-jan-2020$fGBP69.00$g0$hP$5Uk
=ACF  \\$aPrevious copyright fee: GBP71.00$c45\0$e01-jan-2022$fGBP71.00$g0$hP$5Uk
=CAT  \\$a8201$b40$c20040512$lTMP01$h1137
=CAT  \\$aWR12_168$c20121206$lBLL01$h1815
=CAT  \\$a5552$b40$c20140115$lBLL01$h1217
=CAT  \\$aIPL-CLA$c20140331$lBLL01$h1626
=CAT  \\$aWR14_140$c20140905$lBLL01$h1805
=CAT  \\$a5997$b40$c20140922$lBLL01$h0823
=CAT  \\$a10806$b40$c20141007$lBLL01$h0934
=CAT  \\$a11313$b40$c20141009$lBLL01$h1251
=CAT  \\$aBLDSS-3PM$b00$c20141208$lBLL01$h1624
=CAT  \\$aBATCH-UPD$b00$c20160413$lBLL01$h1818
=CAT  \\$aBATCH-UPD$b00$c20160524$lBLL01$h2148
=CAT  \\$aBATCH-UPD$b00$c20160524$lBLL01$h2157
=CAT  \\$a5552$b40$c20161005$lBLL01$h0908
=CAT  \\$aIPL-CLA$c20161230$lBLL01$h2124
=CAT  \\$a10973$b40$c20170103$lBLL01$h0913
=CAT  \\$a10973$b40$c20170103$lBLL01$h0914
=CAT  \\$a5552$b40$c20181213$lBLL01$h1444
=CAT  \\$aIPL-CLA$c20181231$lBLL01$h1540
=CAT  \\$a5552$b40$c20191120$lBLL01$h0847
=CAT  \\$aIPL-CLA$c20191231$lBLL01$h1927
=CAT  \\$aBATCH-UPD$b00$c20211119$lBLL01$h1518
=CAT  \\$aIPL-CLA$c20211231$lBLL01$h1542
=CAT  \\$aBATCH-UPD$b00$c20230518$lBLL01$h1421
=CAT  \\$aIPL-CLA$c20230518$lBLL01$h1500
=CAT  \\$aR2308-1440$c20230824$lBLL01$h0927
=CAT  \\$aIPL-CLA$c20230930$lBLL01$h0806
=CFI  0\$aCurrent copyright fee: GBP73.00$c2\0$e01-oct-2023$fGBP73.00$g0$hP$5Uk
=CFI  2\$aPrevious copyright fee: GBP73.00$c45\0$e18-may-2023$fGBP73.00$g0$hP$5Uk
=FFP  \\$aY$bBLDSS-3PM
=FIN  \\$aY$d20050301
=FMT  \\$a  SE
=LAS  \\$aIPL-CLA$b00$c20230930$lBLL01$h0806
=TCO  \\$aCLA$bCLA$c008
=TOC  \\$aETOC

