=LDR  07291cas a2201465 a 4500
=001  012916625
=003  Uk
=005  20221231144528.0
=006  m\\\\\o\\d\\\\\\\\
=007  cr||||||||||||
=008  021010c19759999ne\tx\pso\go\\0\\\a0eng\c
=010  \\$a  2010233045
=015  \\$aGBB407768$2bnb
=022  \\$a1741-6191
=030  \\$aNILRE5
=032  \\$a689490$bUSPS
=035  \\$a(OCoLC)50761922
=037  \\$aBL_0165070X$bPortico$nCambridge University Press
=037  2\$aISSN_0165070X$bPortico$nCambridge University Press
=037  3\$a???$bSpringer
=040  \\$aTxEU$beng$cTxEU$dOCoLC$dGU$dOCoLC$dTxCM$dUk
=042  \\$aukblsr
=050  14$aK14$b.E285
=082  04$a341.05$223
=130  0\$aNetherlands international law review (Online)
=222  \0$aNetherlands international law review$b(Online)
=245  10$aNetherlands international law review$h[electronic resource].
=246  30$aN.I.L.R.
=246  13$aNILR
=264  \1$a[Dordrecht, Netherlands :$bMartinus Nijhoff Publishers,$c1975-]
=264  21$3<2003>-2014 :$a[The Hague, Netherlands] :$bT.M.C. Asser Press
=264  31$32015-$aHeidelberg :$bSpringer ;$a[The Hague, Netherlands] :$bAsser Press
=264  22$3-2014$a[Cambridge] :$bCambridge University Press
=310  \\$aThree issues a year
=336  \\$atext$2rdacontent
=337  \\$acomputer$2rdamedia
=338  \\$aonline resource$2rdacarrier
=362  1\$aPrint began with: Vol. 22, issue 1 (1975).
=538  \\$aMode of access: World Wide Web.
=540  \\$aCurrent copyright fee: GBP29.95$c22\1$5Uk
=580  \\$aIncludes issues of earlier title: Nederlands tijdschrift voor internationaal recht.
=588  \\$aDescription based on: Vol. 50, issue 1 (May 2003); title from contents screen (Cambridge journals, viewed Mar. 11, 2010).
=588  \\$aLatest issue consulted: Online first article, published 11 March 2015 (SpringerLink, viewed March 13, 2015).
=650  \0$aInternational law$vPeriodicals.
=650  \0$aConflict of laws$vPeriodicals.
=650  \0$aComparative law$vPeriodicals.
=710  2\$aT.M.C. Asser Instituut.
=776  08$iPrint version:$tNetherlands international law review$x0165-070X
=780  10$tNederlands tijdschrift voor internationaal recht
=787  0\$tNetherlands yearbook of international law (Online)$x1574-0951
=852  \\$aBritish Library$bDSC$j6076.700000$3Volume 65:Issue 1(2018)-***See ESTAR for full holdings.
=852  41$aBritish Library$bHMNTS$jELD Digital store$3Volume 61:Number 1(2014)-
=856  \\$31850-9999$uhttp://link.springer.com/$xBLDSS
=856  4\$uhttp://firstsearch.oclc.org$zAddress for accessing the journal using authorization number and password through OCLC FirstSearch Electronic Collections Online
=856  40$uhttp://journals.cambridge.org/action/displayJournal?jid=NLR
=856  40$uhttp://link.springer.com/journal/40802#
=859  \\$aELD$bejournal
=945  \\$aNetherlands international law review
=959  \\$fCurrently received
=985  \\$aISSN Responsibility for ISSN agreed to be taken by Netherlands ISSN Centre. 8.9.05.
=ACF  \\$aBritish Library not licensed to copy$c0$e01-jul-2009$hC$iCLA Excluded$5Uk
=ACF  \\$aBritish Library not licensed to copy$c0$e01-apr-2009$hC$iCLA Excluded$5Uk
=ACF  \\$aBritish Library not licensed to copy$c0$e01-jan-2009$hC$iCLA Excluded$5Uk
=ACF  \\$aBritish Library not licensed to copy$c0$e01-oct-2008$hC$iCLA Excluded$5Uk
=ACF  \\$aBritish Library not licensed to copy$c0$e01-jul-2008$hC$iCLA Excluded$5Uk
=ACF  \\$aBritish Library not licensed to copy$c0$e01-apr-2008$hC$iCLA Excluded$5Uk
=ACF  \\$aBritish Library not licensed to copy$c0$e01-jan-2008$hC$iCLA Excluded$5Uk
=ACF  \\$aBritish Library not licensed to copy$c0$e01-oct-2007$hC$iCLA Excluded$5Uk
=ACF  \\$aBritish Library not licensed to copy$c0$e01-jul-2007$hC$iCLA Excluded$5Uk
=ACF  \\$aBritish Library not licensed to copy$c0$e01-apr-2007$hC$iCLA Excluded$5Uk
=ACF  \\$aBritish Library not licensed to copy$c0$e01-jan-2007$hC$iCLA Excluded$5Uk
=ACF  \\$aBritish Library not licensed to copy$c0$e01-oct-2006$hC$iCLA Excluded$5Uk
=ACF  \\$aBritish Library not licensed to copy$c0$e01-jul-2006$hC$iCLA Excluded$5Uk
=ACF  \\$aPrevious copyright fee: GBP10.50$c0$e01-jan-2011$fGBP10.50$g0$hA$5Uk
=ACF  \\$aPrevious copyright fee: GBP12.00$c0$e01-jan-2012$fGBP12.00$g0$hA$5Uk
=ACF  \\$aPrevious Copyright Fee: GBP10.00$c0$e01-apr-2014$fGBP10.00$g0$hC$5Uk
=ACF  \\$aPrevious Copyright Fee: GBP12.30$c0$e01-jan-2014$fGBP12.30$g0$hA$5Uk
=ACF  \\$aPrevious copyright fee: GBP26.63$c22\1$e01-jul-2015$fGBP26.63$g0$hP$5Uk
=ACF  \\$aPrevious copyright fee: GBP25.77$c22\1$e01-oct-2015$fGBP25.77$g0$hP$5Uk
=ACF  \\$aPrevious copyright fee: GBP27.55$c22\1$e01-apr-2016$fGBP27.55$g0$hP$5Uk
=ACF  \\$aPrevious copyright fee: GBP29.59$c22\1$e01-oct-2016$fGBP29.59$g0$hP$5Uk
=ACF  \\$aPrevious copyright fee: GBP31.96$c22\1$e01-apr-2017$fGBP31.96$g0$hP$5Uk
=ACF  \\$aPrevious copyright fee: GBP30.73$c22\1$e01-oct-2017$fGBP30.73$g0$hP$5Uk
=ACF  \\$aPrevious copyright fee: GBP28.54$c22\1$e01-apr-2018$fGBP28.54$g0$hP$5Uk
=CAT  \\$a6537$b40$c20040513$lTMP01$h1230
=CAT  \\$aIPL-CLA$c20150930$lBLL01$h1802
=CAT  \\$aBATCH-UPD$b00$c20160217$lBLL01$h1719
=CAT  \\$aIPL-CLA$c20160331$lBLL01$h1723
=CAT  \\$aBATCH-UPD$b00$c20160413$lBLL01$h1818
=CAT  \\$aBATCH-UPD$b00$c20160524$lBLL01$h2209
=CAT  \\$aBATCH-UPD$b00$c20160525$lBLL01$h0016
=CAT  \\$aBATCH-UPD$b00$c20160824$lBLL01$h1748
=CAT  \\$aIPL-CLA$c20160930$lBLL01$h1600
=CAT  \\$aBATCH-UPD$b00$c20170216$lBLL01$h1835
=CAT  \\$a5552$b40$c20170324$lBLL01$h1221
=CAT  \\$aIPL-CLA$c20170331$lBLL01$h1842
=CAT  \\$aBATCH-UPD$b00$c20170904$lBLL01$h1844
=CAT  \\$aIPL-CLA$c20170929$lBLL01$h1726
=CAT  \\$aW1711-1005$c20171206$lBLL01$h1816
=CAT  \\$a5410$b40$c20171222$lBLL01$h1458
=CAT  \\$a11033$b40$c20180222$lBLL01$h1609
=CAT  \\$aBATCH-UPD$b40$c20180223$lBLL01$h1703
=CAT  \\$a8055$b40$c20180328$lBLL01$h1401
=CAT  \\$a8055$b40$c20180328$lBLL01$h1405
=CAT  \\$aIPL-CLA$c20180331$lBLL01$h1617
=CAT  \\$aBATCH-UPD$b00$c20180524$lBLL01$h1708
=CAT  \\$aIPL-CLA$c20180630$lBLL01$h1915
=CAT  \\$a15190$b40$c20210319$lBLL01$h1521
=CAT  \\$aBATCH-UPD$b40$c20221121$lBLL01$h1359
=CAT  \\$aIPL-CLA$c20221231$lBLL01$h1445
=CFI  0\$aCurrent copyright fee: GBP29.95$c22\1$e01-jan-2023$fGBP29.95$g0$hP$5Uk
=CFI  2\$aPrevious copyright fee: GBP34.00$c22\1$e01-jul-2018$fGBP34.00$g0$hP$5Uk
=EST  \\$a1
=FFP  \\$aY$bBLDSS-3PM
=FIN  \\$aY$d20140122
=FMT  \\$a  SE
=LAS  \\$aIPL-CLA$b00$c20221231$lBLL01$h1445
=LET  \0$aNetherlands international law review (Electronic)
=LKR  \\$aPAR$b009897831$lBLL01$nNetherlands international law review (Print)$mNetherlands international law review (Online)$r776
=LKR  \\$aPAR$b016588381$lBLL01$nNetherlands yearbook of international law (Online)$mNetherlands international law review (Online)$r787
=MNI  \\$a0165-070X
=SRC  \\$aBLL02
=TCO  \\$aCLA$bCLA$c008
=TOC  \\$aETOC
=UNO  \\$aY

