=LDR  04186cas a2200961 a 4500
=001  012917424
=003  Uk
=005  20211231154241.0
=007  ta
=008  040514c20049999paubr\p\\\\\\\0\\\a0eng\\
=015  \\$aGBA515062$2bnb
=022  0\$a1744-165X
=040  \\$aUk$beng$cUk$dUk
=042  \\$aukblsr
=082  04$a618.9201$222
=210  0\$aSemin. fetal neonatol.
=222  \0$aSeminars in fetal & neonatal medicine
=245  00$aSeminars in fetal & neonatal medicine.
=246  3\$aSeminars in fetal and neonatal medicine
=260  \\$aAmsterdam ;$aLondon :$bElsevier,$c2004-
=260  3\$a[Philadelphia] :$bSaunders
=300  \\$av. :$bill. (some col.) ;$c28 cm.
=310  \\$aBimonthly
=336  \\$atext$2rdacontent
=337  \\$aunmediated$2rdamedia
=338  \\$avolume$2rdacarrier
=362  0\$aVol. 9, issue 5 (Oct. 2004)-
=530  \\$aAlso issued online.
=540  \\$aCurrent copyright fee: GBP34.30$c5\1$5Uk
=650  \0$aNeonatology$vPeriodicals.
=650  \0$aNewborn infants$xDiseases$vPeriodicals.
=650  \0$aFetus$xDiseases$vPeriodicals.
=776  1\$tSeminars in fetal & neonatal medicine (Online)$x1878-0946
=780  00$tSeminars in neonatology$x1084-2756
=852  71$aBritish Library$bSTI$k(P)$hGW 62$m-E(26)$3Vol. 9, issue 5 (Oct. 2004)-v. 20 , issue 1 (Feb.2015)***Title now taken as electronic copy
=852  41$aBritish Library$bDSC$j8239.449520$3Vol. 9, issue 5 (2004)-v. 14, issue 6 (2009)***UKRR Retained Title
=856  \\$31850-9999$uhttp://www.elsevier.com/journals$xBLDSS
=945  \\$aSeminars in fetal and neonatal medicine
=959  \\$fHeld but not currently received
=985  \\$aThe Netherlands Centre took responsibility from ISSN UK on 2 Sept 2005.
=ACF  \\$aPrevious copyright fee: GBP19.00$c5\9$e01-jan-2008$fGBP19.00$g0$hP$5Uk
=ACF  \\$aPrevious copyright fee: GBP18.00$c5\9$e03-may-2005$fGBP18.00$g0$hP$5Uk
=ACF  \\$aPrevious copyright fee: GBP20.00$c5\1$e01-jan-2009$fGBP20.00$g0$hP$5Uk
=ACF  \\$aPrevious copyright fee: GBP21.00$c5\1$e01-jan-2012$fGBP21.00$g0$hP$5Uk
=ACF  \\$aPrevious copyright fee: GBP22.50$c5\1$e01-jan-2013$fGBP22.50$g0$hP$5Uk
=ACF  \\$aPrevious copyright fee: GBP23.40$c5\1$e01-jan-2018$fGBP23.40$g0$hP$5Uk
=CAT  \\$a8201$b40$c20040514$lTMP01$h1452
=CAT  \\$aBATCH-UPD$b00$c20081119$lBLL01$h1613
=CAT  \\$aBATCH-UPD$b00$c20081231$lBLL01$h2318
=CAT  \\$aBATCH-UPD$b00$c20090101$lBLL01$h0051
=CAT  \\$aBATCH$b00$c20090101$lBLL01$h0227
=CAT  \\$aCDS-UPD$b40$c20091208$lBLL01$h2214
=CAT  \\$aCDS-UPD$b40$c20091208$lBLL01$h2234
=CAT  \\$a8874$b40$c20101203$lBLL01$h1447
=CAT  \\$aWR11_155$c20111021$lBLL01$h1331
=CAT  \\$aWR11_155$c20111114$lBLL01$h1647
=CAT  \\$aBATCH-UPD$b00$c20111123$lBLL01$h1853
=CAT  \\$aIPL-CLA$c20111230$lBLL01$h2018
=CAT  \\$a8323$b40$c20120718$lBLL01$h1118
=CAT  \\$aBATCH-CLA$b00$c20121109$lBLL01$h1731
=CAT  \\$aBATCH-UPD$b00$c20121121$lBLL01$h1656
=CAT  \\$aIPL-CLA$c20121231$lBLL01$h1311
=CAT  \\$aIPL-CLA$c20130102$lBLL01$h1730
=CAT  \\$aBLDSS-3PM$b00$c20141222$lBLL01$h1713
=CAT  \\$aBATCH-UPD$b00$c20160413$lBLL01$h1818
=CAT  \\$aBATCH-UPD$b00$c20170304$lBLL01$h1149
=CAT  \\$aBATCH-UPD$b00$c20171121$lBLL01$h1743
=CAT  \\$aIPL-CLA$c20171231$lBLL01$h1631
=CAT  \\$aBATCH-UPD$b00$c20190521$lBLL01$h1435
=CAT  \\$aIPL-CLA$c20190630$lBLL01$h1532
=CAT  \\$aBATCH-UPD$b00$c20211119$lBLL01$h1553
=CAT  \\$aIPL-CLA$c20211231$lBLL01$h1542
=CFI  0\$aCurrent copyright fee: GBP34.30$c5\1$e01-jan-2022$fGBP34.30$g0$hP$5Uk
=CFI  2\$aPrevious copyright fee: GBP32.84$c5\1$e01-jul-2019$fGBP32.84$g0$hP$5Uk
=EST  \\$a2
=FFP  \\$aY$bBLDSS-3PM
=FIN  \\$aY$d20050222
=FMT  \\$a  SE
=LAS  \\$aIPL-CLA$b00$c20211231$lBLL01$h1542
=LKR  \\$aPAR$b013203339$lBLL01$r776$mSeminars in fetal and neonatal medicine (Print)$nSeminars in fetal & neonatal medicine (Online)
=LKR  \\$aPAR$b009872658$lBLL01$r78000$mSeminars in fetal & neonatal medicine$nSeminars in neonatology
=TCO  \\$aNLD$bSTICHTING REPRORECHT$c008
=TOC  \\$aETOC

