=LDR  04126cas a2200925 a 4500
=001  012918978
=003  Uk
=005  20211231154241.0
=008  040518d20042005ne\br\p\\\\\\\0\\\a0eng\\
=015  \\$aGBA514996$2bnb
=022  0\$a1744-2249
=040  \\$aUk$beng$cUk
=042  \\$aukblsr
=082  04$a362.1068$222
=222  \0$aEvidence-based healthcare & public health$b(Print)
=245  00$aEvidence-based healthcare & public health :$ba journal for health policy & management.
=246  3\$aEvidence-based healthcare and public health
=260  \\$aAmsterdam ;$aLondon :$bElsevier,$c2004-2005.
=300  \\$av. ;$c28 cm.
=310  \\$aSix issues yearly
=336  \\$atext$2rdacontent
=337  \\$aunmediated$2rdamedia
=338  \\$avolume$2rdacarrier
=362  0\$aVol. 8, issue 5 (Oct. 2004)-v. 9, issue 6 (2005).
=540  \\$aCurrent copyright fee: GBP34.30$c5\1$5Uk
=650  \0$aEvidence-based medicine$vPeriodicals.
=650  \0$aMedical policy$vPeriodicals.
=650  \0$aHealth services administration$vPeriodicals.
=690  7\$aSocial Welfare$2blcoll
=776  0\$tEvidence-based healthcare & public health (Online)$x1744-2257
=780  00$tEvidence-based healthcare$x1462-9410
=852  41$aBritish Library$bDSC$j3831.036675$3Vol. 8, issue 5 (2004)-v. 9, issue 6 (2005)***UKRR Retained Title
=852  41$aBritish Library$bHMNTS$jZC.9.b.6939$3Vol. 8, issue 5 (Oct. 2004)-v. 9, issue 6 (2005)
=856  \\$31850-9999$uhttp://www.elsevier.com/journals$xBLDSS
=945  \\$aEvidence based healthcare and public health
=959  \\$fCurrently received
=985  \\$aResponsibility taken by Netherlands ISSN centre 27/7/05
=ACF  \\$aPrevious copyright fee: GBP19.00$c5\9$e01-jan-2008$fGBP19.00$g0$hP$5Uk
=ACF  \\$aPrevious copyright fee: GBP18.00$c5\9$e05-apr-2005$fGBP18.00$g0$hP$5Uk
=ACF  \\$aCurrent Copyright Fee: GBP18.00$c0$e01-apr-2005$fGBP18.00$g0$hC$5Uk
=ACF  \\$aPrevious Copyright Fee: GBP18.00$c0$e01-jan-2005$fGBP18.00$g0$hC$5Uk
=ACF  \\$aPrevious copyright fee: GBP20.00$c5\1$e01-jan-2009$fGBP20.00$g0$hP$5Uk
=ACF  \\$aPrevious copyright fee: GBP21.00$c5\1$e01-jan-2012$fGBP21.00$g0$hP$5Uk
=ACF  \\$aPrevious copyright fee: GBP22.50$c5\1$e01-jan-2013$fGBP22.50$g0$hP$5Uk
=ACF  \\$aPrevious copyright fee: GBP23.40$c5\1$e01-jan-2018$fGBP23.40$g0$hP$5Uk
=CAT  \\$a11194$b40$c20040518$lTMP01$h1335
=CAT  \\$aBATCH$b00$c20090101$lBLL01$h0227
=CAT  \\$a8483$b40$c20110614$lBLL01$h1212
=CAT  \\$a8483$b40$c20110614$lBLL01$h1313
=CAT  \\$a8483$b40$c20110614$lBLL01$h1315
=CAT  \\$aBATCH$b00$c20110625$lBLL01$h0508
=CAT  \\$aBATCH-SWP4$c20110627$lBLL01$h1550
=CAT  \\$aWR11_155$c20111021$lBLL01$h1331
=CAT  \\$aWR11_155$c20111114$lBLL01$h1647
=CAT  \\$aBATCH-UPD$b00$c20111123$lBLL01$h1853
=CAT  \\$aIPL-CLA$c20111230$lBLL01$h2018
=CAT  \\$aBATCH-CLA$b00$c20121109$lBLL01$h1731
=CAT  \\$aBATCH-UPD$b00$c20121121$lBLL01$h1656
=CAT  \\$aIPL-CLA$c20121231$lBLL01$h1312
=CAT  \\$aIPL-CLA$c20130102$lBLL01$h1730
=CAT  \\$aBATCH-CLA$b00$c20140125$lBLL01$h1315
=CAT  \\$aBATCH-CLA$c20140225$lBLL01$h2321
=CAT  \\$aWR14_140$c20140905$lBLL01$h1805
=CAT  \\$aBLDSS-3PM$b00$c20141222$lBLL01$h1713
=CAT  \\$aBATCH-UPD$b00$c20170725$lBLL01$h2202
=CAT  \\$aBATCH-UPD$b00$c20171121$lBLL01$h1743
=CAT  \\$aIPL-CLA$c20171231$lBLL01$h1631
=CAT  \\$aBATCH-UPD$b00$c20190521$lBLL01$h1435
=CAT  \\$aIPL-CLA$c20190630$lBLL01$h1532
=CAT  \\$aBATCH-UPD$b00$c20211119$lBLL01$h1553
=CAT  \\$aIPL-CLA$c20211231$lBLL01$h1542
=CFI  0\$aCurrent copyright fee: GBP34.30$c5\1$e01-jan-2022$fGBP34.30$g0$hP$5Uk
=CFI  2\$aPrevious copyright fee: GBP32.84$c5\1$e01-jul-2019$fGBP32.84$g0$hP$5Uk
=FFP  \\$aY$bBLDSS-3PM
=FIN  \\$aY$d20050222
=FMT  \\$a  SE
=LAS  \\$aIPL-CLA$b00$c20211231$lBLL01$h1542
=LKR  \\$aPAR$b007923355$lBLL01$r78000$mEvidence-based healthcare and public health (Print)$nEvidence-based healthcare
=TCO  \\$aNLD$bSTICHTING REPRORECHT$c008
=TOC  \\$aETOC

