=LDR  05166cas a2201081 i 4500
=001  012919786
=003  Uk
=005  20221231144530.0
=006  m\\\\\\\\d\|\\\\\\
=007  cr||||||||||||
=008  040519c19829999nyufr\p\s\\\\\0\\\a0eng\\
=015  \\$aGBB784595$2bnb
=022  \\$a1471-5457
=037  \\$aISSN_07309384_30$bPortico$nCambridge University Press
=040  \\$aUk$beng$cUk$erda
=042  \\$aukblsr
=082  04$a320.01$223
=222  \0$aPolitics and the life sciences$b(Online)
=245  00$aPolitics and the life sciences.
=246  30$aPLS
=264  21$32000-$a[United States] :$bAssociation for Politics and the Life Sciences
=264  31$32016-$a[New York] :$bPublished on behalf of the Association for Poliitcs and Life Sciences by Cambridge University Press
=310  \\$aSemiannual
=336  \\$atext$2rdacontent
=337  \\$acomputer$2rdamedia
=338  \\$aonline resource$2rdacarrier
=362  1\$aPrint began with volume 1, number 1 (July 1982).
=540  \\$aCurrent Copyright Fee: GBP25.00$c0$5Uk
=588  \\$aDescription based on print version record.
=588  \\$aLatest issue consulted: volume 35, issue 2 (fall 2016) (Cambridge Core, viewed May 17, 2017).
=650  \0$aBiopolitics$xPeriodicals.
=650  \0$aHuman behavior$xPeriodicals.
=650  \0$aBiology$xPeriodicals.
=650  \0$aPolitical science$xPeriodicals.
=710  2\$aAssociation for Politics and the Life Sciences (U.S.),$eissuing body.
=776  08$iAlso issued in print as:$tPolitics and the life sciences$x0730-9384
=852  41$aBritish Library$bHMNTS$jELD Digital store$3Volume 33:Number 1(2014)-
=856  40$uhttp://politicsandthelifesciences.org/
=856  40$uhttp://www.ingentaconnect.com/content/beech/pls$zLink no longer valid
=856  40$uhttps://www.cambridge.org/core/journals/politics-and-the-life-sciences
=859  \\$aELD$bejournal
=985  \\$aISSN responsibility taken by US ISSN Center, September 26 2014.
=ACF  \\$aBritish Library not licensed to copy$c0$e01-jan-2007$hC$iCLA Excluded$5Uk
=ACF  \\$aBritish Library not licensed to copy$c0$e01-oct-2006$hC$iCLA Excluded$5Uk
=ACF  \\$aBritish Library not licensed to copy$c0$e01-jul-2006$hC$iCLA Excluded$5Uk
=ACF  \\$aBritish Library not licensed to copy$c0$e01-apr-2006$hC$iCLA Excluded$5Uk
=ACF  \\$aBritish Library not licensed to copy$c0$e01-jan-2006$hC$iCLA Excluded$5Uk
=ACF  \\$aBritish Library not licensed to copy$c0$e01-oct-2005$hC$iCLA Excluded$5Uk
=ACF  \\$aBritish Library not licensed to copy$c0$e01-jul-2005$hC$iCLA Excluded$5Uk
=ACF  \\$aBritish Library not licensed to copy$c0$e01-apr-2005$hC$iCLA Excluded$5Uk
=ACF  \\$aBritish Library not licensed to copy$c0$e01-jan-2005$hC$iCLA Excluded$5Uk
=ACF  \\$aBritish Library not licensed to copy$c0$e01-oct-2004$hC$iCLA Excluded$5Uk
=ACF  \\$aPrevious copyright fee: GBP10.50$c0$e01-jan-2011$fGBP10.50$g0$hA$5Uk
=ACF  \\$aPrevious copyright fee: GBP12.00$c0$e01-jan-2012$fGBP12.00$g0$hA$5Uk
=ACF  \\$aPrevious Copyright Fee: GBP12.30$c0$e01-jan-2014$fGBP12.30$g0$hA$5Uk
=ACF  \\$aPrevious copyright fee: GBP25.00$c43\0$e01-jul-2016$fGBP25.00$g0$hP$5Uk
=ACF  \\$aPrevious Copyright Fee: GBP17.50$c0$e01-apr-2019$fGBP17.50$g0$hA$5Uk
=ACF  \\$aPrevious Copyright Fee: GBP20.00$c0$e01-jan-2020$fGBP20.00$g0$hA$5Uk
=CAT  \\$a9604$b40$c20040519$lTMP01$h0856
=CAT  \\$aBATCH-CLA$c20131220$lBLL01$h2027
=CAT  \\$aIPL-CLA$c20131231$lBLL01$h2337
=CAT  \\$a11313$b40$c20140926$lBLL01$h1147
=CAT  \\$a11313$b40$c20140926$lBLL01$h1201
=CAT  \\$a5552$b40$c20160603$lBLL01$h1107
=CAT  \\$aIPL-CLA$c20160630$lBLL01$h1605
=CAT  \\$aBATCH-UPD$b00$c20160705$lBLL01$h2158
=CAT  \\$aBLDSS-3PM$b00$c20160707$lBLL01$h1648
=CAT  \\$aBATCH-UPD$b00$c20160707$lBLL01$h1652
=CAT  \\$a8311$b40$c20170107$lBLL01$h0946
=CAT  \\$a10983$b40$c20170215$lBLL01$h1604
=CAT  \\$a5997$b40$c20170517$lBLL01$h1315
=CAT  \\$a5997$b40$c20170517$lBLL01$h1404
=CAT  \\$aW1711-1005$c20171205$lBLL01$h2211
=CAT  \\$aW1902-1304$c20190314$lBLL01$h1239
=CAT  \\$aBATCH-UPD$b00$c20190314$lBLL01$h1618
=CAT  \\$aIPL-CLA$c20190331$lBLL01$h1725
=CAT  \\$aDEL-3PM$c20190409$lBLL01$h0905
=CAT  \\$aBATCH-CLA$b00$c20191219$lBLL01$h1731
=CAT  \\$aIPL-CLA$c20191231$lBLL01$h1927
=CAT  \\$aR2001-1524$c20200127$lBLL01$h2004
=CAT  \\$aBATCH-CLA$b00$c20201204$lBLL01$h1531
=CAT  \\$aIPL-CLA$c20201231$lBLL01$h1528
=CAT  \\$aBATCH-CLA$b00$c20221221$lBLL01$h1839
=CAT  \\$aIPL-CLA$c20221231$lBLL01$h1445
=CFI  0\$aCurrent Copyright Fee: GBP25.00$c0$e01-jan-2023$fGBP25.00$g0$hA$5Uk
=CFI  2\$aPrevious Copyright Fee: GBP22.50$c0$e01-jan-2021$fGBP22.50$g0$hA$5Uk
=FIN  \\$aY$d20070120
=FMT  \\$a  SE
=LAS  \\$aIPL-CLA$b00$c20221231$lBLL01$h1445
=LET  \0$aPolitics and the life sciences (Electronic)
=LKR  \\$aPAR$b007866239$lBLL01$nPolitics and the life sciences (Print)$mPolitics and the life sciences (Online)$r776
=MNI  \\$a0730-9384
=TCO  \\$aCLA$bCLA$c008

