=LDR  05007cas a2201129 a 4500
=001  012923711
=003  Uk
=005  20221231144531.0
=006  m\\\\\\\\d\\\\\\\\
=007  cr\|||||||||||
=008  040722c20049999enkqr\pss\\\\\0\\\a0eng\d
=015  \\$aGBB083327$2bnb
=022  0\$a1478-0895
=035  \\$a(OCoLC)55994653
=037  \\$aISSN_14780887_21$bPortico$nTaylor & Francis
=040  \\$aF#A$cF#A$dOCL$dMUQ$dOCLCQ$dUk
=042  \\$aukblsr
=050  \4$aBF1.A4
=082  04$a150.72$223
=130  0\$aQualitative research in psychology (Online)
=222  \0$aQualitative research in psychology$b(Online)
=245  10$aQualitative research in psychology$h[electronic resource].
=260  \\$aLondon :$bArnold,$c2004-
=260  2\$3<2006>$aLondon :$bSage
=260  3\$aAbingdon :$bRoutledge
=310  \\$aFour no. a year
=336  \\$atext$2rdacontent
=337  \\$acomputer$2rdamedia
=338  \\$aonline resource$2rdacarrier
=362  0\$aVol. 1, no. 1 (2004)-
=500  \\$aTitle from journal information screen (FirstSearch, viewed July 21, 2004).
=500  \\$aLatest issue consulted: volume 13, issue 2 (2016) (Taylor & Francis Online, viewed March 24, 2016).
=530  \\$aAlso issued in print.
=538  \\$aMode of access: World Wide Web.
=540  \\$aCurrent copyright fee: GBP37.00$c2\0$5Uk
=650  \0$aPsychology$xResearch$vPeriodicals.
=650  \0$aQualitative research$vPeriodicals.
=776  1\$tQualitative research in psychology$x1478-0887
=852  41$aBritish Library$bHMNTS$jELD Digital store$3Volume 13:Issue 1(2016)-
=852  41$aBritish Library$bDSC$j7168.124410$3Volume 6:Issue 1/2(2009)-***See ESTAR for full holdings.
=856  \\$31850-9999$uhttp://www.tandfonline.com/$xBLDSS
=856  4\$uhttp://firstsearch.oclc.org$zAddress for accessing the journal using authorization number and password through OCLC FirstSearch Electronic Collections Online
=856  4\$uhttp://www.crdjournal.com/$zLink no longer valid
=856  40$uhttp://www.informaworld.com/smpp/title~db=all~content=t781137235~tab=issueslist
=856  40$uhttp://www.tandfonline.com/toc/uqrp20/current
=859  \\$aELD$bejournal
=945  \\$aQualitative research in psychology
=959  \\$fCurrently received
=985  \\$aISSN responsibility taken by US ISSN Center, December 23 2014.
=ACF  \\$aPrevious Copyright Fee: GBP17.00$c2\0$e16-mar-2010$fGBP17.00$g0$hP$5Uk
=ACF  \\$aPrevious copyright fee: GBP21.00$c2\0$e01-jan-2011$fGBP21.00$g0$hP$5Uk
=ACF  \\$aPrevious copyright fee: GBP23.00$c2\0$e01-jan-2012$fGBP23.00$g0$hP$5Uk
=ACF  \\$aPrevious copyright fee: GBP23.50$c2\0$e01-jan-2013$fGBP23.50$g0$hP$5Uk
=ACF  \\$aPrevious copyright fee: GBP24.00$c2\0$e01-jan-2014$fGBP24.00$g0$hP$5Uk
=ACF  \\$aPrevious copyright fee: GBP25.00$c2\0$e01-jan-2015$fGBP25.00$g0$hP$5Uk
=ACF  \\$aPrevious copyright fee: GBP26.00$c2\0$e01-jan-2016$fGBP26.00$g0$hP$5Uk
=ACF  \\$aPrevious copyright fee: GBP28.00$c2\0$e01-jan-2017$fGBP28.00$g0$hP$5Uk
=ACF  \\$aPrevious copyright fee: GBP30.00$c2\0$e01-jan-2018$fGBP30.00$g0$hP$5Uk
=ACF  \\$aPrevious copyright fee: GBP32.00$c2\0$e01-jan-2019$fGBP32.00$g0$hP$5Uk
=ACF  \\$aPrevious copyright fee: GBP34.00$c2\0$e01-jan-2020$fGBP34.00$g0$hP$5Uk
=CAT  \\$a8124$b40$c20040525$lTMP01$h1146
=CAT  \\$aBATCH-UPD$b00$c20131119$lBLL01$h1959
=CAT  \\$aIPL-CLA$c20131231$lBLL01$h2337
=CAT  \\$aBATCH-UPD$b00$c20141124$lBLL01$h1802
=CAT  \\$aBLDSS-3PM$b00$c20141130$lBLL01$h1248
=CAT  \\$a11313$b40$c20141223$lBLL01$h0745
=CAT  \\$aIPL-CLA$c20141231$lBLL01$h1651
=CAT  \\$aBATCH-UPD$b00$c20151119$lBLL01$h1543
=CAT  \\$a11433$b40$c20151219$lBLL01$h1209
=CAT  \\$aIPL-CLA$c20151231$lBLL01$h1920
=CAT  \\$a14448$b40$c20160201$lBLL01$h0813
=CAT  \\$a10806$b40$c20160324$lBLL01$h1307
=CAT  \\$aBATCH-UPD$b40$c20160614$lBLL01$h0326
=CAT  \\$aBATCH-UPD$b40$c20161122$lBLL01$h1512
=CAT  \\$aIPL-CLA$c20161230$lBLL01$h2124
=CAT  \\$aBATCH-UPD$b00$c20171121$lBLL01$h1647
=CAT  \\$aW1711-1005$c20171206$lBLL01$h1816
=CAT  \\$aIPL-CLA$c20171231$lBLL01$h1631
=CAT  \\$aBATCH-UPD$b00$c20181217$lBLL01$h1638
=CAT  \\$aIPL-CLA$c20181231$lBLL01$h1540
=CAT  \\$aBATCH-UPD$b00$c20191122$lBLL01$h1900
=CAT  \\$aIPL-CLA$c20191231$lBLL01$h1927
=CAT  \\$aBATCH-UPD$b00$c20201118$lBLL01$h1333
=CAT  \\$aIPL-CLA$c20201231$lBLL01$h1528
=CAT  \\$aBATCH-UPD$b00$c20221121$lBLL01$h1346
=CAT  \\$aIPL-CLA$c20221231$lBLL01$h1445
=CFI  0\$aCurrent copyright fee: GBP37.00$c2\0$e01-jan-2023$fGBP37.00$g0$hP$5Uk
=CFI  2\$aPrevious copyright fee: GBP35.00$c2\0$e01-jan-2021$fGBP35.00$g0$hP$5Uk
=EST  \\$a1
=FFP  \\$aY$bBLDSS-3PM
=FIN  \\$aY$d20050308
=FMT  \\$a  SE
=LAS  \\$aIPL-CLA$b00$c20221231$lBLL01$h1445
=MNI  \\$a1478-0887
=SID  \\$aZ39$bOCLC
=TCO  \\$aCLA$bCLA$c008
=TOC  \\$aETOC

