=LDR  04266cas a2200997 i 4500
=001  012924353
=003  Uk
=005  20221119154413.0
=006  m\\\\\\\\d\|\\\\\\
=007  cr||||||||||||
=008  040525c19839999sw\ar\p\s\\\\\0\\\a0eng\\
=022  0\$a1600-0870
=037  \\$aISSN_16000870$bPortico$nTaylor & Francis
=040  \\$aUk$beng$cUk$erda
=042  \\$aukblsr
=082  04$a551.5$223
=210  0\$aTellus, Ser. A, Dyn. meteorol. oceanogr.$b(Online)
=222  \0$aTellus. Series A, Dynamic meteorology and oceanography$b(Online)
=245  00$aTellus.$nSeries A,$pDynamic meteorology and oceanography.
=264  \1$aCopenhagen :$bMunksgaard,$c[1983]-
=264  21$aOxford :$bBlackwell
=264  21$aLondon :$bTaylor & Francis
=264  31$a[Stockholm] :$bStockholm University Press
=310  \\$aAnnual
=336  \\$atext$2rdacontent
=337  \\$acomputer$2rdamedia
=338  \\$aonline resource$2rdacarrier
=362  1\$aPrint began with volume 35A, number 1 (January 1983).
=540  \\$aCurrent copyright fee: zero$c2\0$5Uk
=588  \\$aDescription based on print version record.
=588  \\$aLatest issue consulted: volume 74, issue 1 (2022); publisher's Web site, viewed November 9, 2022.
=650  \0$aDynamic meteorology$vPeriodicals.
=650  \0$aOceanography$vPeriodicals.
=710  2\$aInternational Meteorological Institute in Stockholm.
=776  08$iAlso issued in print as:$tTellus. Series A, Dynamic meteorology and oceanography$x0280-6495
=852  41$aBritish Library$bHMNTS$jELD Digital store$3Volume 68:Issue 1(2016)-Volume 73:Issue 1(2021)
=856  40$uhttp://www.blackwellpublishing.com/journal.asp?ref=0280-6495&site=1
=856  40$31850-9999$uhttp://www.tandfonline.com/$xBLDSS
=856  40$uhttps://a.tellusjournals.se/
=859  \\$aELD$bejournal
=945  \\$aTellus Series A Dynamic meteorology and oceanography.
=979  \\$aBritish Library$bDSC$j8789.000100
=985  \\$aResonsibility for ISSN taken by ISSN UK Centre from ISSN Denmark.
=985  \\$aISSN UK Centre: responsibility transferred to ISSN Sweden 15/11/22.
=CAT  \\$a11439$b40$c20040525$lTMP01$h1449
=CAT  \\$c20060701$lBLL01$h0550
=CAT  \\$aBATCH-CLA$b00$c20060901$lBLL01$h1647
=CAT  \\$aBATCH-UPD$b00$c20060929$lBLL01$h2100
=CAT  \\$aBATCH-UPD$b00$c20060929$lBLL01$h2203
=CAT  \\$aBATCH$b00$c20060929$lBLL01$h2304
=CAT  \\$aBATCH-CLA$b00$c20061130$lBLL01$h1728
=CAT  \\$aBATCH-UPD$b00$c20061229$lBLL01$h2019
=CAT  \\$aBATCH-UPD$b00$c20061229$lBLL01$h2107
=CAT  \\$aBATCH$b00$c20061229$lBLL01$h2155
=CAT  \\$aBATCH-CLA$b00$c20070228$lBLL01$h1730
=CAT  \\$aBATCH-UPD$b00$c20070330$lBLL01$h2133
=CAT  \\$aBATCH-UPD$b00$c20070330$lBLL01$h2221
=CAT  \\$aBATCH$b00$c20070330$lBLL01$h2309
=CAT  \\$aBATCH-CLA$b00$c20070604$lBLL01$h1622
=CAT  \\$aBATCH-UPD$b00$c20070629$lBLL01$h2301
=CAT  \\$aBATCH-UPD$b00$c20070630$lBLL01$h0117
=CAT  \\$aBATCH$b00$c20070630$lBLL01$h0255
=CAT  \\$a6537$b40$c20070801$lBLL01$h1432
=CAT  \\$a10983$b40$c20180519$lBLL01$h1036
=CAT  \\$a5552$b40$c20181219$lBLL01$h1400
=CAT  \\$aIPL-CLA$c20181231$lBLL01$h1540
=CAT  \\$aBLDSS-3PM$b00$c20190115$lBLL01$h1424
=CAT  \\$aBATCH-UPD$b00$c20190115$lBLL01$h1429
=CAT  \\$a5410$b40$c20210226$lBLL01$h0053
=CAT  \\$a5410$b40$c20210227$lBLL01$h1120
=CAT  \\$a11205$b40$c20221109$lBLL01$h1529
=CAT  \\$a11205$b40$c20221109$lBLL01$h1548
=CAT  \\$a10973$b40$c20221110$lBLL01$h1600
=CAT  \\$a10973$b40$c20221110$lBLL01$h1601
=CAT  \\$a10973$b40$c20221115$lBLL01$h1649
=CAT  \\$a5410$b40$c20221119$lBLL01$h1544
=CAT  \\$a5410$b40$c20221119$lBLL01$h1544
=CFI  0\$aCurrent copyright fee: zero$c2\0$e01-jan-2019$fGBP0.00$g0$hP$5Uk
=FFP  \\$aY$bBLDSS-3PM
=FIN  \\$aY$d20070801
=FMT  \\$a  SE
=LAS  \\$a5410$b40$c20221119$lBLL01$h1544
=LET  \0$aTellus. Series A, Dynamic meteorology and oceanography (Electronic)
=LKR  \\$aPAR$b011133932$lBLL01$nTellus. Series A, Dynamic meteorology and oceanography (Print)$mTellus. Series A, Dynamic meteorology and oceanography (Online)$r776
=MNI  \\$a0280-6495
=TCO  \\$aCLA$bCLA$c008

