=LDR  01555 as a2200481 a 4500
=001  012928188
=003  Uk
=005  20090226143119.0
=007  ta
=008  040601d2004200uit\br\p\\\\\\\0\\\a0eng\\
=015  \\$aGBA585057$2bnb
=022  0\$a1742-3996
=040  \\$aUk$beng$cUk
=042  \\$aukblsr
=082  04$a391.6505$222
=222  \0$aTattoo Collection$b(English ed.)
=245  00$aTattoo collection.
=260  \\$aMilan ;$aLondon :$bMediaFriends,$c[2004]-
=300  \\$av. :$bcol. ill., ;$c30 cm.
=310  \\$aBimonthly
=336  \\$atext$2rdacontent
=337  \\$aunmediated$2rdamedia
=338  \\$avolume$2rdacarrier
=362  1\$aBegan in 2004
=500  \\$aDescription based on: Issue 8 (2005)
=650  \0$aTattooing$vPeriodicals.
=650  \0$aTattoo artists$vPeriodicals.
=852  41$aBritish Library$bHMNTS$jZK.9.b.23176$3Number 8 (2005)
=985  \\$aResponsibility for ISSN transferred fron ISSN UK to ISSN Italy.
=CAT  \\$a11313$b40$c20040601$lTMP01$h1358
=CAT  \\$aEXLIBRIS$c20040606$lBLL01$h1135
=CAT  \\$a11439$b40$c20051007$lBLL01$h1426
=CAT  \\$a11439$b40$c20051007$lBLL01$h1427
=CAT  \\$a11439$b40$c20051007$lBLL01$h1434
=CAT  \\$a6537$b40$c20060717$lBLL01$h1524
=CAT  \\$a6537$b40$c20060717$lBLL01$h1525
=CAT  \\$a7792$b40$c20090217$lBLL01$h0944
=CAT  \\$a7792$b40$c20090226$lBLL01$h1431
=CAT  \\$aWR14_140$c20140905$lBLL01$h1806
=FIN  \\$aY$d20051007
=FMT  \\$a  SE
=LAS  \\$aWR14_140$b00$c20140905$lBLL01$h1806
=TCO  \\$aITA$bAIDRO / SIAE$c008

