=LDR  05247cas a2201225 a 4500
=001  013014230
=003  Uk
=005  20221231144540.0
=006  m\\\\\\\\d\\\\\\\\
=007  cr\un|||||||||
=008  050615d20002014stkqr\pss\\\\\0\\\a0eng\c
=010  \\$a  2011233047
=022  0\$a1475-1534$y1471-4418
=035  \\$a(OCoLC)60638042
=040  \\$aOCoLC$beng$cOCoLC$dCoDNJ$dICU$dNBuU-H$dFCM-M$dOCoLC$dZ5A$dViRCU$dOCoLC$dGU$dUk
=042  \\$aukblsr
=050  14$aRM161
=060  \4$aW1$bAS888M
=082  04$a616.24$222
=130  0\$aPrimary care respiratory journal (Online)
=210  0\$aPrim. care respir. j.$b(Online)
=222  \0$aPrimary care respiratory journal$b(Online)
=245  10$aPrimary care respiratory journal$h[electronic resource].
=260  \\$aEgham :$bStrategic Medical Publishing,$c[2000]--2014.
=260  2\$a[Oxford] :$bElsevier
=260  2\$a[Alcester :$bSherborne Gibbs]
=260  2\$aHarrogate :$bGPIAG Publications
=260  3\$32010-2014$aLockerbie :$bPCRS UK
=310  \\$aQuarterly,$b2008-
=321  \\$aBimonthly,$b2005-2007
=321  \\$aQuarterly,$b2000-2004
=336  \\$atext$2rdacontent
=337  \\$acomputer$2rdamedia
=338  \\$aonline resource$2rdacarrier
=362  0\$a-Volume 23, issue 1 (March 2014).
=362  1\$aBegan with v. 9, no. 1 (June 2000).
=525  \\$aHas supplements, 2008-
=540  \\$aCurrent copyright fee: GBP34.95$c16\0$5Uk
=550  \\$aJournal of: General Practice Airways Group, 2000-2009; Primary Care Respiratory Society UK and the International Primary Care Respiratory Group, 2010-
=588  \\$aDescription based on: Vol. 9, no. 1 (June 2000); title from journal homepage (publisher's website, viewed Jan. 24, 2011).
=588  \\$aLatest issue consulted: volume 23, issue 1 (March 2014).
=650  \0$aRespiratory therapy$vPeriodicals.
=650  \0$aAsthma$vPeriodicals.
=650  \0$aPrimary health care$vPeriodicals.
=650  \0$aLungs$xDiseases, Obstructive$vPeriodicals.
=650  \0$aLungs$xDiseases$vPeriodicals.
=650  \0$aRespiratory infections$vPeriodicals.
=710  2\$32000-2009$aGeneral Practice Airways Group,
=710  2\$32010-$aPrimary Care Respiratory Society UK,
=710  2\$32010-$aInternational Primary Care Respiratory Group,
=776  08$iPrint version:$tPrimary care respiratory journal$x1471-4418
=785  00$tNpj primary care respiratory medicine$x2055-1010
=852  41$aBritish Library$bDSC$j6612.908442$3Volume 13:Issue 1(2004:Mar.)-Volume 15:Issue 6(2006)***See ESTAR for full holdings.
=856  \\$31850-9999$uhttp://www.nature.com/$xBLDSS
=856  4\$32004-2006$uhttp://www.sciencedirect.com/science/journal/14714418
=856  40$uhttp://www.thepcrj.org/journ/index.php
=945  \\$aPrimary care respiratory journal
=959  \\$fHeld but not currently received
=985  \\$aISSN responsibility transfer in progress - 18/12/2012.
=ACF  \\$aPrevious copyright fee: GBP20.00$c5\1$e01-jan-2009$fGBP20.00$g0$hP$5Uk
=ACF  \\$aPrevious copyright fee: GBP19.00$c5\1$e01-jan-2008$fGBP19.00$g0$hP$5Uk
=ACF  \\$aPrevious Copyright Fee: GBP18.00$c5\1$e14-oct-2004$fGBP18.00$g0$hP$5Uk
=ACF  \\$aPrevious copyright fee: GBP12.00$c0$e27-sep-2012$fGBP12.00$g0$hC$5Uk
=ACF  \\$aPrevious copyright fee: GBP21.00$c5\1$e01-jan-2012$fGBP21.00$g0$hP$5Uk
=ACF  \\$aPrevious copyright fee: GBP22.00$c16\0$e18-may-2015$fGBP22.00$g0$hP$5Uk
=CAT  \\$a7174$b40$c20041014$lBLL01$h0846
=CAT  \\$aBATCH-UPD$b40$c20071231$lBLL01$h2149
=CAT  \\$aBATCH$b00$c20071231$lBLL01$h2252
=CAT  \\$aBATCH-UPD$b00$c20081119$lBLL01$h1600
=CAT  \\$aBATCH-UPD$b00$c20081231$lBLL01$h2319
=CAT  \\$aBATCH-UPD$b00$c20090101$lBLL01$h0052
=CAT  \\$aBATCH$b00$c20090101$lBLL01$h0227
=CAT  \\$aWR10_164$c20101215$lBLL01$h1511
=CAT  \\$a8323$b40$c20110601$lBLL01$h1615
=CAT  \\$aBATCH-UPD$b40$c20111123$lBLL01$h1853
=CAT  \\$aIPL-CLA$c20111230$lBLL01$h2019
=CAT  \\$a5552$b40$c20120927$lBLL01$h1319
=CAT  \\$aBATCH-CLA$b00$c20121109$lBLL01$h1730
=CAT  \\$a11315$b40$c20121116$lBLL01$h1051
=CAT  \\$a11316$b40$c20121218$lBLL01$h0934
=CAT  \\$aBATCH-CLA$b00$c20140125$lBLL01$h1311
=CAT  \\$aBATCH-CLA$c20140225$lBLL01$h2322
=CAT  \\$a11315$b40$c20141014$lBLL01$h1512
=CAT  \\$a5552$b40$c20150518$lBLL01$h1558
=CAT  \\$aBLDSS-3PM$b00$c20150611$lBLL01$h1743
=CAT  \\$aBATCH-UPD$b00$c20151115$lBLL01$h1113
=CAT  \\$aBATCH-UPD$b00$c20170304$lBLL01$h1150
=CAT  \\$aBATCH-UPD$b00$c20171121$lBLL01$h1636
=CAT  \\$aIPL-CLA$c20171231$lBLL01$h1636
=CAT  \\$aBATCH-UPD$b00$c20221121$lBLL01$h1331
=CAT  \\$aIPL-CLA$c20221231$lBLL01$h1445
=CFI  0\$aCurrent copyright fee: GBP34.95$c16\0$e01-jan-2023$fGBP34.95$g0$hP$5Uk
=CFI  2\$aPrevious copyright fee: GBP24.00$c16\0$e01-jan-2018$fGBP24.00$g0$hP$5Uk
=EST  \\$a1
=FFP  \\$aY$bBLDSS-3PM
=FIN  \\$aY$d20110601
=FMT  \\$a  SE
=LAS  \\$aIPL-CLA$b00$c20221231$lBLL01$h1445
=LEO  \\$aMP22.0000067643
=MNI  \\$a1471-4418
=SRC  \\$aISN01$bbibmp22.200404.2.aa
=SRC  \\$aBLL02
=TCO  \\$aCLA$bCLA$c008
=TOC  \\$aETOC
=UNO  \\$aY

