=LDR  04781cas a2201069 a 4500
=001  013055368
=003  Uk
=005  20230517145135.0
=006  m\\\\\o\\d\|\\\\\\
=007  cr||||||||||||
=008  041203c19209999enkbr\p\o\\\\\0\\\a0eng\\
=015  \\$aGBB350600$2bnb
=022  0\$a1745-8315$l0020-7578
=037  \\$aISSN_00207578$bPortico$nWiley
=037  3\$aISSN_00207578_21$bPortico$nTaylor & Francis
=040  \\$aUk$beng$cUk$dUk
=042  \\$aukblsr
=082  04$a616.89$222
=130  0\$aInternational journal of psychoanalysis (Online)
=222  \4$aThe international journal of psychoanalysis$b(Online)
=245  14$aThe international journal of psychoanalysis$h[electronic resource].
=260  \\$aLondon :$bInstitute of Psychoanalysis
=264  31$a[Great Britain] :$bRoutledge, Taylor & Francis Group
=310  \\$aBimonthly
=336  \\$atext$2rdacontent
=337  \\$acomputer$2rdamedia
=338  \\$aonline resource$2rdacarrier
=362  1\$aPrint began with v. 1 (1920).
=516  \\$aPDF format.
=538  \\$aMode of access: World Wide Web.
=540  \\$aCurrent copyright fee: GBP37.00$c2\0$5Uk
=588  \\$aLatest issue consulted: volume 99, number 6 (2018) (Taylor & Francis online, viewed February 12, 2019).
=650  \0$aPsychoanalysis$vPeriodicals.
=710  2\$aInstitute of Psycho-analysis (Great Britain)
=776  08$iPrint version:$tInternational Journal of Psycho-analysis$x0020-7578
=852  41$aBritish Library$bHMNTS$jELD Digital store$3Volume 94:Number 1(2013:Feb.)-***Previous issues available in print copy
=852  41$aBritish Library$bDSC$j4542.498000$3Volume 89:Issue 2(2008)-Volume 98:Issue 6(2017)***See ESTAR for full holdings.
=856  \\$31850-9999$uhttp://onlinelibrary.wiley.com/$xBLDSS
=856  4\$uhttp://www.ingentaselect.com/psycan/00207578/contp1-1.htm
=856  4\$uhttps://www.tandfonline.com/toc/ripa20/current
=859  \\$aELD$bejournal
=945  \\$aInternational journal of psychoanalysis
=959  \\$fHeld but not currently received
=979  \\$aBritish Library$bDSC$j4542.498000
=985  \\$aCorrected by MS generated file for WR# 12.018
=985  \\$aCONFERERENCE ANALYTIC RECORDS EXIST
=985  \\$aISSN UK Centre: responsibility transferred to US Center 8/7/22 (DLW).
=ACF  \\$aPrevious copyright fee: GBP16.00$c10\0$e05-aug-2008$fGBP16.00$g0$hP$5Uk
=ACF  \\$aPrevious copyright fee: GBP17.00$c10\0$e01-jan-2009$fGBP17.00$g0$hP$5Uk
=ACF  \\$aPrevious copyright fee: GBP22.00$c10\0$e01-jan-2011$fGBP22.00$g0$hP$5Uk
=ACF  \\$aPrevious copyright fee: GBP24.00$c35\0$e07-mar-2017$fGBP24.00$g0$hP$5Uk
=ACF  \\$aPrevious copyright fee: GBP24.00$c10\0$e01-mar-2015$fGBP24.00$g0$hP$5Uk
=ACF  \\$aPrevious copyright fee: GBP30.00$c2\0$e29-nov-2018$fGBP30.00$g0$hP$5Uk
=ACF  \\$aPrevious copyright fee: GBP32.00$c2\0$e01-jan-2019$fGBP32.00$g0$hP$5Uk
=ACF  \\$aPrevious copyright fee: GBP34.00$c2\0$e01-jan-2020$fGBP34.00$g0$hP$5Uk
=CAT  \\$a8870$b40$c20041203$lBLL01$h1040
=CAT  \\$aBATCH-UPD$b00$c20180219$lBLL01$h1746
=CAT  \\$aBATCH-UPD$b00$c20181121$lBLL01$h1621
=CAT  \\$a8055$b40$c20181129$lBLL01$h1347
=CAT  \\$a5552$b40$c20181204$lBLL01$h1408
=CAT  \\$aBATCH-UPD$b40$c20181204$lBLL01$h2319
=CAT  \\$aBATCH-UPD$b40$c20181217$lBLL01$h1638
=CAT  \\$aIPL-CLA$c20181231$lBLL01$h1541
=CAT  \\$a8483$b40$c20190212$lBLL01$h1333
=CAT  \\$a8483$b40$c20190212$lBLL01$h1334
=CAT  \\$a5410$b40$c20190724$lBLL01$h0935
=CAT  \\$a5410$b40$c20190724$lBLL01$h0936
=CAT  \\$a5410$b40$c20190905$lBLL01$h1458
=CAT  \\$aBATCH-UPD$b40$c20191122$lBLL01$h1900
=CAT  \\$aIPL-CLA$c20191231$lBLL01$h1931
=CAT  \\$aBATCH-UPD$b00$c20201118$lBLL01$h1333
=CAT  \\$aIPL-CLA$c20201231$lBLL01$h1528
=CAT  \\$a12654$b40$c20210616$lBLL01$h0743
=CAT  \\$a10973$b40$c20220629$lBLL01$h1113
=CAT  \\$a10973$b40$c20220629$lBLL01$h1114
=CAT  \\$a10973$b40$c20220708$lBLL01$h1402
=CAT  \\$a10983$b40$c20220930$lBLL01$h1417
=CAT  \\$a6811$b40$c20221102$lBLL01$h1439
=CAT  \\$aBATCH-UPD$b40$c20221121$lBLL01$h1346
=CAT  \\$aIPL-CLA$c20221231$lBLL01$h1445
=CAT  \\$a6811$b40$c20230517$lBLL01$h1451
=CFI  0\$aCurrent copyright fee: GBP37.00$c2\0$e01-jan-2023$fGBP37.00$g0$hP$5Uk
=CFI  2\$aPrevious copyright fee: GBP35.00$c2\0$e01-jan-2021$fGBP35.00$g0$hP$5Uk
=EST  \\$a1
=FFP  \\$aY$bBLDSS-3PM
=FIN  \\$aY
=FMT  \\$a  SE
=LAS  \\$a6811$b40$c20230517$lBLL01$h1451
=LKR  \\$aPAR$b009858759$lBLL01$r776$mInternational journal of psychoanalysis (Online)$nInternational Journal of Psycho-analysis
=MNI  \\$a0020-7578
=TCO  \\$aCLA$bCLA$c008
=TOC  \\$aETOC

