=LDR  04743cas a22009737a 4500
=001  013083743
=003  Uk
=005  20230210010314.0
=007  ta
=008  050117c20059999enk\x\m\\\\\\\0\\\a0eng\\
=022  0\$a1746-1642
=040  \\$aUk$beng$cUk$dUk
=222  \0$aMHRA critical texts
=245  00$aMHRA critical texts.
=246  3\$aModern Humanities Research Association critical texts
=260  \\$aLondon :$bModern Humanities Research Association,$c2005-
=310  \\$aIrregular
=336  \\$atext$2rdacontent
=337  \\$aunmediated$2rdamedia
=338  \\$avolume$2rdacarrier
=540  \\$aCurrent Copyright Fee: GBP10.00$c0$5Uk
=710  2\$aModern Humanities Research Association.
=852  41$aBritish Library$bHMNTS$3Vol. 1 (2005)-Vol. 27 (2011)
=985  \\$aResponsibility for ISSN transferred to IC from ISSN UK, 19.06.07.
=ACF  \\$aPrevious Copyright Fee: GBP10.00$c0$e01-apr-2012$fGBP10.00$g0$hC$5Uk
=ACF  \\$aPrevious Copyright Fee: GBP10.00$c0$e01-jan-2012$fGBP10.00$g0$hC$5Uk
=ACF  \\$aPrevious Copyright Fee: GBP10.00$c0$e01-oct-2011$fGBP10.00$g0$hC$5Uk
=ACF  \\$aPrevious Copyright Fee: GBP10.00$c0$e01-jul-2011$fGBP10.00$g0$hC$5Uk
=ACF  \\$aPrevious Copyright Fee: GBP10.00$c0$e01-apr-2011$fGBP10.00$g0$hC$5Uk
=ACF  \\$aPrevious Copyright Fee: GBP10.00$c0$e01-jan-2011$fGBP10.00$g0$hC$5Uk
=ACF  \\$aPrevious Copyright Fee: GBP10.00$c0$e01-oct-2010$fGBP10.00$g0$hC$5Uk
=ACF  \\$aPrevious Copyright Fee: GBP10.00$c0$e01-jul-2010$fGBP10.00$g0$hC$5Uk
=ACF  \\$aPrevious Copyright Fee: GBP10.00$c0$e01-apr-2010$fGBP10.00$g0$hC$5Uk
=ACF  \\$aPrevious Copyright Fee: GBP10.00$c0$e01-Jan-2010$fGBP10.00$g0$hC$5Uk
=ACF  \\$aPrevious Copyright Fee: GBP10.00$c0$e01-oct-2009$fGBP10.00$g0$hC$5Uk
=ACF  \\$aPrevious Copyright Fee: GBP10.00$c0$e01-jul-2009$fGBP10.00$g0$hC$5Uk
=ACF  \\$aPrevious Copyright Fee: GBP10.00$c0$e01-apr-2009$fGBP10.00$g0$hC$5Uk
=ACF  \\$aPrevious Copyright Fee: GBP10.00$c0$e01-jan-2009$fGBP10.00$g0$hC$5Uk
=ACF  \\$aPrevious Copyright Fee: GBP10.00$c0$e01-oct-2008$fGBP10.00$g0$hC$5Uk
=ACF  \\$aPrevious Copyright Fee: GBP10.00$c0$e01-jul-2008$fGBP10.00$g0$hC$5Uk
=ACF  \\$aPrevious Copyright Fee: GBP10.00$c0$e01-apr-2008$fGBP10.00$g0$hC$5Uk
=ACF  \\$aPrevious Copyright Fee: GBP10.00$c0$e01-jan-2008$fGBP10.00$g0$hC$5Uk
=ACF  \\$aPrevious Copyright Fee: GBP10.00$c0$e01-oct-2007$fGBP10.00$g0$hC$5Uk
=ACF  \\$aPrevious Copyright Fee: GBP10.00$c0$e01-jul-2007$fGBP10.00$g0$hC$5Uk
=ACF  \\$aPrevious Copyright Fee: GBP10.00$c0$e01-apr-2007$fGBP10.00$g0$hC$5Uk
=ACF  \\$aPrevious Copyright Fee: GBP10.00$c0$e01-jan-2007$fGBP10.00$g0$hC$5Uk
=ACF  \\$aPrevious Copyright Fee: GBP10.00$c0$e01-oct-2006$fGBP10.00$g0$hC$5Uk
=ACF  \\$aPrevious Copyright Fee: GBP10.00$c0$e01-jul-2006$fGBP10.00$g0$hC$5Uk
=ACF  \\$aPrevious Copyright Fee: GBP10.00$c0$e01-jul-2012$fGBP10.00$g0$hC$5Uk
=ACF  \\$aPrevious Copyright Fee: GBP10.00$c0$e01-oct-2012$fGBP10.00$g0$hC$5Uk
=CAT  \\$a8870$b40$c20050117$lBLL01$h1300
=CAT  \\$aBATCH-UPD$b00$c20100630$lBLL01$h1934
=CAT  \\$aBATCH-UPD$b00$c20100630$lBLL01$h2002
=CAT  \\$aIPL-CLA$c20100630$lBLL01$h2029
=CAT  \\$aBATCH-CLA$b00$c20100831$lBLL01$h1539
=CAT  \\$aIPL-CLA$c20100930$lBLL01$h1527
=CAT  \\$a8871$b40$c20101104$lBLL01$h1721
=CAT  \\$aBATCH-CLA$b00$c20101115$lBLL01$h1615
=CAT  \\$aIPL-CLA$c20101231$lBLL01$h1514
=CAT  \\$aBATCH-CLA$b00$c20110228$lBLL01$h1550
=CAT  \\$aIPL-CLA$c20110331$lBLL01$h1504
=CAT  \\$aBATCH-CLA$b00$c20110531$lBLL01$h1649
=CAT  \\$aIPL-CLA$c20110630$lBLL01$h1544
=CAT  \\$aBATCH-CLA$b00$c20110831$lBLL01$h1805
=CAT  \\$aIPL-CLA$c20110930$lBLL01$h1549
=CAT  \\$aBATCH-CLA$b00$c20111130$lBLL01$h1222
=CAT  \\$aIPL-CLA$c20111230$lBLL01$h2020
=CAT  \\$aBATCH-CLA$b00$c20120229$lBLL01$h1637
=CAT  \\$aIPL-CLA$c20120330$lBLL01$h1436
=CAT  \\$aBATCH-CLA$b00$c20120531$lBLL01$h1723
=CAT  \\$aIPL-CLA$c20120629$lBLL01$h1034
=CAT  \\$aBATCH-CLA$b00$c20120831$lBLL01$h1546
=CAT  \\$aIPL-CLA$c20120930$lBLL01$h2121
=CAT  \\$aBATCH-CLA$b00$c20121109$lBLL01$h1730
=CAT  \\$aBATCH-CLA$b00$c20221130$lBLL01$h1424
=CAT  \\$aIPL-CLA$c20221231$lBLL01$h2104
=CAT  \\$aBATCH-CLA$b00$c20230209$lBLL01$h1511
=CAT  \\$aIPL-CLA$c20230210$lBLL01$h0103
=CFI  0\$aCurrent Copyright Fee: GBP10.00$c0$e09-feb-2023$fGBP10.00$g0$hC$5Uk
=CFI  2\$aBritish Library not licensed to copy$c0$e01-jan-2023$hC$iCFP Excluded$5Uk
=FIN  \\$aY$d20051018
=FMT  \\$a  SE
=LAS  \\$aIPL-CLA$b00$c20230210$lBLL01$h0103
=TCO  \\$aCLA$bCLA$c008

