=LDR  03316 as a2200781 a 4500
=001  013172275
=003  Uk
=005  20080815142253.0
=007  ta
=008  050407d20052007nvumr\p\\\\\\\0\\\a0eng\\
=015  \\$aGBA641486$2bnb
=022  0\$a1747-0447
=040  \\$aUk$beng$cUk$dUk
=042  \\$aukblsr
=082  04$a795.4120794$222
=222  \0$aCard player Europe
=245  00$aCard player Europe :$bthe poker authority.
=260  \\$aLas Vegas :$bCard Player Media ;$a[Thame] :$bDistributed by Briton International,$c[2005]-2007.
=260  3\$32006-$aLas Vegas :$bShulman Media ;$a[Thame] :$bDistributed by Briton International
=300  \\$av. :$bcol. ill., ports. (some col.) ;$c28 cm.
=310  \\$aMonthly
=336  \\$atext$2rdacontent
=337  \\$aunmediated$2rdamedia
=338  \\$avolume$2rdacarrier
=362  1\$aBegan in 2005.
=362  1\$aCeased with vol. 2007.
=500  \\$aDescription based on: Vol. 2, no. 11 (Dec. 2005); latest issue consulted: v. 2, no. 12 (Jan. 2006).
=525  \\$aSupplements accompany some issues.
=540  \\$aBritish Library not licensed to copy$c0$5Uk
=650  \0$aPoker$xTournaments$zEurope$vPeriodicals.
=650  \0$aPoker$vPeriodicals.
=650  \0$aGambling$vPeriodicals.
=785  00$aCard player (Europe edition)
=852  41$aBritish Library$bHMNTS$jZK.9.a.9733$3Volume 2, Number 11 (2005)-Volume 4, Number 8 (2007)
=985  \\$aResponsibility for ISSN transferred to NSDP from ISSN UK Centre, 21.04.06
=ACF  \\$aBritish Library not licensed to copy$c0$e01-jan-2013$hC$iCFP Excluded$5Uk
=ACF  \\$aBritish Library not licensed to copy$c0$e01-apr-2013$hC$iCFP Excluded$5Uk
=ACF  \\$aBritish Library not licensed to copy$c0$e01-jul-2013$hC$iCFP Excluded$5Uk
=ACF  \\$aBritish Library not licensed to copy$c0$e01-oct-2013$hC$iCFP Excluded$5Uk
=ACF  \\$aBritish Library not licensed to copy$c0$e01-jan-2014$hC$iCFP Excluded$5Uk
=CAT  \\$a11316$b40$c20050407$lBLL01$h1350
=CAT  \\$a8323$b40$c20060420$lBLL01$h0847
=CAT  \\$a8323$b40$c20060420$lBLL01$h0857
=CAT  \\$a6537$b40$c20060421$lBLL01$h1422
=CAT  \\$a11316$b40$c20080815$lBLL01$h1422
=CAT  \\$aBATCH-CLA$b00$c20121130$lBLL01$h1242
=CAT  \\$aIPL-CLA$c20121231$lBLL01$h1315
=CAT  \\$aIPL-CLA$c20130102$lBLL01$h1737
=CAT  \\$aBATCH-CLA$b00$c20130228$lBLL01$h1708
=CAT  \\$aIPL-CLA$c20130331$lBLL01$h1055
=CAT  \\$a540_fix$c20130403$lBLL01$h2014
=CAT  \\$aBATCH-CLA$b00$c20130531$lBLL01$h1646
=CAT  \\$aIPL-CLA$c20130701$lBLL01$h0052
=CAT  \\$aBATCH-CLA$b00$c20130830$lBLL01$h1629
=CAT  \\$aIPL-CLA$c20130930$lBLL01$h1743
=CAT  \\$aBATCH-CLA$b00$c20131129$lBLL01$h1658
=CAT  \\$aIPL-CLA$c20131231$lBLL01$h2349
=CAT  \\$aBATCH-CLA$b00$c20140228$lBLL01$h1617
=CAT  \\$aIPL-CLA$c20140331$lBLL01$h1627
=CAT  \\$aBATCH-CLA$b00$c20140530$lBLL01$h1714
=CAT  \\$aIPL-CLA$c20140630$lBLL01$h1723
=CAT  \\$aWR14_140$c20140905$lBLL01$h1807
=CFI  0\$aBritish Library not licensed to copy$c0$e01-jul-2014$hC$iCFP Excluded$5Uk
=CFI  2\$aBritish Library not licensed to copy$c0$e01-apr-2014$hC$iCFP Excluded$5Uk
=FIN  \\$aY$d20060420
=FMT  \\$a  SE
=LAS  \\$aWR14_140$b00$c20140905$lBLL01$h1807
=TCO  \\$aTRS$bCCC$c008

