=LDR  03825 as a2200925 a 4500
=001  013173809
=003  Uk
=005  20200624073125.0
=007  ta
=008  050412d20062015enkbr\p\\\\\\\0\\\a0eng\\
=015  \\$aGBA661503$2bnb
=022  0\$a1747-079X
=040  \\$aUk$beng$cUk$dUk
=042  \\$aukblsr
=082  04$a616.12005$222
=210  0\$aCongenit. heart dis.$b(Print)
=222  \0$aCongenital heart disease$b(Print)
=245  00$aCongenital heart disease :$bclinical studies from fetus to adulthood.
=260  \\$aOxford :$bBlackwell,$c2006-[2015]
=260  3\$a[Chichester] :$bWiley Periodicals
=300  \\$av. :$bill. ;$c28 cm.
=310  \\$aBimonthly
=336  \\$atext$2rdacontent
=337  \\$aunmediated$2rdamedia
=338  \\$avolume$2rdacarrier
=362  0\$aVol. 1, no. 1/2 (Apr. 2006)-
=362  1\$aCeased in 2015.
=500  \\$aDescription based on: Vol. 1, no. 3 (May/June 2006).
=530  \\$aAlso issued online.
=540  \\$aCurrent copyright fee: GBP32.00$c35\0$5Uk
=650  \0$aCongenital heart disease$vPeriodicals.
=776  08$iContinued online:$tCongenital heart disease (Online)$x1747-0803
=852  41$aBritish Library$bDSC$j3410.683800$3Vol. 1, no. 1/2 (2006)-v. 4, no. 6 (2009)
=852  41$aBritish Library$bHMNTS$jDZK.9.x.689$3Vol. 1, no. 1/2 (2006)-v. 8, no. 2 (2013)***title now taken as electronic copy only
=856  \\$31850-9999$uhttp://onlinelibrary.wiley.com/$xBLDSS
=945  \\$aCongenital heart disease
=959  \\$fHeld but not currently received
=985  \\$aISSN responsibility passed to U.S. Center, 24/06/20
=ACF  \\$aPrevious Copyright Fee: GBP16.00$c10\0$e01-apr-2006$fGBP16.00$g0$hP$5Uk
=ACF  \\$aPrevious copyright fee: GBP17.00$c10\0$e01-jan-2009$fGBP17.00$g0$hP$5Uk
=ACF  \\$aPrevious copyright fee: GBP22.00$c10\0$e01-jan-2011$fGBP22.00$g0$hP$5Uk
=ACF  \\$aPrevious copyright fee: GBP24.00$c10\0$e01-mar-2015$fGBP24.00$g0$hP$5Uk
=ACF  \\$aPrevious copyright fee: GBP24.00$c35\0$e07-mar-2017$fGBP24.00$g0$hP$5Uk
=CAT  \\$a11316$b40$c20050412$lBLL01$h0930
=CAT  \\$a8874$b40$c20090216$lBLL01$h1438
=CAT  \\$aCDS-UPD$b40$c20091208$lBLL01$h2214
=CAT  \\$aCDS-UPD$b40$c20091208$lBLL01$h2234
=CAT  \\$aBATCH-UPD$b40$c20101116$lBLL01$h1328
=CAT  \\$aIPL-CLA$c20101231$lBLL01$h1515
=CAT  \\$a8323$b40$c20121107$lBLL01$h0834
=CAT  \\$aBATCH-CLA$b00$c20121109$lBLL01$h1729
=CAT  \\$aBLDSS-3PM$b00$c20141214$lBLL01$h1522
=CAT  \\$aBATCH-UPD$b00$c20150215$lBLL01$h1625
=CAT  \\$aIPL-CLA$c20150228$lBLL01$h2048
=CAT  \\$aBATCH-UPD$b00$c20160413$lBLL01$h1819
=CAT  \\$aBATCH-UPD$b00$c20170304$lBLL01$h1156
=CAT  \\$aW1703-0316$c20170306$lBLL01$h1824
=CAT  \\$aW1703-0316$c20170307$lBLL01$h1648
=CAT  \\$aIPL-CLA$c20170307$lBLL01$h1824
=CAT  \\$a10806$b40$c20170720$lBLL01$h1647
=CAT  \\$a10806$b40$c20170720$lBLL01$h1649
=CAT  \\$a10806$b40$c20170802$lBLL01$h1437
=CAT  \\$a10806$b40$c20170802$lBLL01$h1438
=CAT  \\$aBATCH-UPD$b40$c20180219$lBLL01$h1746
=CAT  \\$aBATCH-UPD$b40$c20181121$lBLL01$h1621
=CAT  \\$aIPL-CLA$c20181231$lBLL01$h1542
=CAT  \\$aBATCH-UPD$b00$c20200219$lBLL01$h1541
=CAT  \\$aIPL-CLA$c20200331$lBLL01$h1614
=CAT  \\$a10806$b40$c20200624$lBLL01$h0731
=CFI  0\$aCurrent copyright fee: GBP32.00$c35\0$e01-apr-2020$fGBP32.00$g0$hP$5Uk
=CFI  2\$aPrevious copyright fee: GBP28.00$c35\0$e01-jan-2019$fGBP28.00$g0$hP$5Uk
=EST  \\$a2
=FFP  \\$aY$bBLDSS-3PM
=FIN  \\$aY$d20060713
=FMT  \\$a  SE
=LAS  \\$a10806$b40$c20200624$lBLL01$h0731
=LKR  \\$aPAR$b013447114$lBLL01$nCongenital heart disease (Online)$mCongenital heart disease (Print)$r776
=TCO  \\$aCLA$bCLA$c008
=TOC  \\$aETOC
=UNO  \\$aY

