=LDR  04316cas a2200973 a 4500
=001  013183278
=003  Uk
=005  20230930080717.0
=007  ta
=008  050425c20079999enkbr\p\\\\\\\0\\\a0eng\\
=015  \\$aGBA7A0888$2bnb
=022  0\$a1747-4124
=040  \\$aUk$beng$cUk$dUk
=042  \\$aukblsr
=082  04$a616.3$222
=210  0\$aExpert rev. gastroenterol. hepatol.$b(Print)
=222  \0$aExpert review of gastroenterology & hepatology$b(Print)
=245  00$aExpert review of gastroenterology & hepatology.
=246  3\$aExpert review of gastroenterology and hepatology
=246  30$aGastroenterology & hepatology
=260  \\$aLondon :$bFuture Drugs,$c2007-
=264  21$aLondon :$bInforma Healthcare
=264  31$a[London] :$bTaylor & Francis, Taylor & Francis Group
=300  \\$av. :$bill. (some col.), ports. ;$c28 cm.
=310  \\$aBimonthly
=336  \\$atext$2rdacontent
=337  \\$aunmediated$2rdamedia
=338  \\$avolume$2rdacarrier
=362  0\$aVol. 1, no. 1 (Oct. 2007)-
=540  \\$aCurrent copyright fee: GBP73.00$c2\0$5Uk
=588  \\$aLatest issue consulted: volume 12, issues 7/12 (July/December 2018).
=650  \0$aGastroenterology$vPeriodicals.
=650  \0$aLiver$xDiseases$vPeriodicals.
=776  0\$tExpert review of gastroenterology and hepatology$c(Online)$x1747-4132
=852  11$aBritish Library$bSTI$k(P)$h616.3$m-E(5)$3Volume 1, Number 1 (2007)- Volume 7 , Number 8(2013:Nov.)***Title now taken as electronic copy
=852  41$aBritish Library$bDSC$j9830.067000$3Vol. 1, no. 1 (2007)-v. 5, no. 6 (2011)
=856  \\$31850-9999$uhttp://informahealthcare.com$xBLDSS
=945  \\$aExpert review of gastroenterology and hepatology
=959  \\$fHeld but not currently received
=985  \\$aCONFERENCE ANALYTIC RECORDS EXIST
=985  \\$aISSN UK Centre note: responsibility transferred to US Center 23.5.19.
=ACF  \\$aPrevious Copyright Fee: GBP26.50$c36\0$e01-jan-2007$fGBP26.50$g0$hP$5Uk
=ACF  \\$aBritish Library not licensed to copy$c36\0$e06-oct-2006$hP$iCLA Excluded$5Uk
=ACF  \\$aPrevious copyright fee: GBP30.00$c36\0$e01-jan-2008$fGBP30.00$g0$hP$5Uk
=ACF  \\$aPrevious copyright fee: GBP35.00$c36\0$e01-jan-2011$fGBP35.00$g0$hP$5Uk
=ACF  \\$aPrevious copyright fee: GBP57.00$c36\0$e01-apr-2014$fGBP57.00$g0$hP$5Uk
=ACF  \\$aPrevious copyright fee: GBP59.00$c45\0$e01-jan-2017$fGBP59.00$g0$hP$5Uk
=ACF  \\$aPrevious copyright fee: GBP66.00$c45\0$e01-jan-2019$fGBP66.00$g0$hP$5Uk
=ACF  \\$aPrevious copyright fee: GBP69.00$c45\0$e01-jan-2020$fGBP69.00$g0$hP$5Uk
=ACF  \\$aPrevious copyright fee: GBP71.00$c45\0$e01-jan-2022$fGBP71.00$g0$hP$5Uk
=CAT  \\$a11316$b40$c20050425$lBLL01$h1214
=CAT  \\$aCDS12-UPD$b40$c20111114$lBLL01$h1923
=CAT  \\$aBATCH-CLA$b00$c20121109$lBLL01$h1729
=CAT  \\$aBATCH-UPD$b00$c20121125$lBLL01$h1435
=CAT  \\$a5552$b40$c20140115$lBLL01$h1225
=CAT  \\$aIPL-CLA$c20140331$lBLL01$h1627
=CAT  \\$a5110$b40$c20140902$lBLL01$h1129
=CAT  \\$aWR14_140$c20140905$lBLL01$h1807
=CAT  \\$aBLDSS-3PM$b00$c20141208$lBLL01$h1625
=CAT  \\$aBATCH-UPD$b00$c20160413$lBLL01$h1819
=CAT  \\$aBATCH-UPD$b00$c20160524$lBLL01$h2148
=CAT  \\$aBATCH-UPD$b00$c20160524$lBLL01$h2157
=CAT  \\$a5552$b40$c20161005$lBLL01$h0858
=CAT  \\$aIPL-CLA$c20161230$lBLL01$h2139
=CAT  \\$a5552$b40$c20181213$lBLL01$h1440
=CAT  \\$aIPL-CLA$c20181231$lBLL01$h1542
=CAT  \\$a10973$b40$c20190424$lBLL01$h1042
=CAT  \\$a10973$b40$c20190523$lBLL01$h1113
=CAT  \\$a5552$b40$c20191120$lBLL01$h0841
=CAT  \\$aIPL-CLA$c20191231$lBLL01$h1933
=CAT  \\$aBATCH-UPD$b00$c20211119$lBLL01$h1518
=CAT  \\$aIPL-CLA$c20211231$lBLL01$h1543
=CAT  \\$aBATCH-UPD$b00$c20230518$lBLL01$h1421
=CAT  \\$aIPL-CLA$c20230518$lBLL01$h1500
=CAT  \\$aR2308-1440$c20230824$lBLL01$h0928
=CAT  \\$aIPL-CLA$c20230930$lBLL01$h0807
=CFI  0\$aCurrent copyright fee: GBP73.00$c2\0$e01-oct-2023$fGBP73.00$g0$hP$5Uk
=CFI  2\$aPrevious copyright fee: GBP73.00$c45\0$e18-may-2023$fGBP73.00$g0$hP$5Uk
=FFP  \\$aY$bBLDSS-3PM
=FIN  \\$aY$d20071210
=FMT  \\$a  SE
=LAS  \\$aIPL-CLA$b00$c20230930$lBLL01$h0807
=TCO  \\$aCLA$bCLA$c008
=TOC  \\$aETOC

