=LDR  04910cas a2201069 a 4500
=001  013209633
=003  Uk
=005  20221231144620.0
=006  m\\\\\\\\d\|\\\\\\
=007  cr||||||||||||
=008  050531c20019999enkqr\p\s\\\\\0\\\a0eng\\
=015  \\$aGBB074777$2bnb
=022  0\$a1747-759X
=037  \\$aISSN_14708477$bPortico$nTaylor & Francis
=040  \\$aUk$beng$cUk$dUk
=042  \\$aukblsr
=082  04$a306.4405$221
=130  0\$aLanguage & intercultural communication (Online)
=222  \0$aLanguage & intercultural communication$b(Online)
=245  10$aLanguage & intercultural communication$h[electronic resource].
=246  3\$aLanguage and intercultural communication
=260  \\$aClevedon :$bMultilingual Matters
=260  3\$a[New York] :$bRoutledge, Taylor & Francis Group
=310  \\$aQuarterly
=336  \\$atext$2rdacontent
=337  \\$acomputer$2rdamedia
=338  \\$aonline resource$2rdacarrier
=362  1\$aPrint began with Vol. 1, issue 1 (2001).
=540  \\$aCurrent copyright fee: GBP37.00$c2\0$5Uk
=588  \\$aLatest issue consulted: Vol. 16, issue 1 (2016) (Taylor & Francis Online,viewed February 8, 2016).
=650  \0$aLanguage and languages$xStudy and teaching$vPeriodicals.
=650  \0$aIntercultural communication$vPeriodicals.
=710  2\$aMultilingual Matters Ltd.
=776  0\$tLanguage and intercultural communication$x1470-8477
=852  41$aBritish Library$bHMNTS$jELD Digital store$3Volume 16:Number 1(2016)-
=852  41$aBritish Library$bDSC$j5155.694810$3Volume 9:Issue 1(2009)-Volume 9:Issue 2(2009)***See ESTAR for full holdings.
=856  \\$31850-9999$uhttp://www.tandfonline.com/$xBLDSS
=856  40$uhttp://www.informaworld.com/smpp/title~content=t794297827~db=all
=856  40$uhttp://www.multilingual-matters.net/laic/default.htm
=859  \\$aELD$bejournal
=945  \\$aLanguage and intercultural communication
=959  \\$fHeld but not currently received
=985  \\$aISSN responsibility taken by US ISSN Center (multinational publisher), September 5 2013.
=ACF  \\$aPrevious Copyright Fee: GBP17.00$c2\0$e10-mar-2010$fGBP17.00$g0$hP$5Uk
=ACF  \\$aPrevious copyright fee: GBP21.00$c2\0$e01-jan-2011$fGBP21.00$g0$hP$5Uk
=ACF  \\$aPrevious copyright fee: GBP23.00$c2\0$e01-jan-2012$fGBP23.00$g0$hP$5Uk
=ACF  \\$aPrevious copyright fee: GBP23.50$c2\0$e01-jan-2013$fGBP23.50$g0$hP$5Uk
=ACF  \\$aPrevious copyright fee: GBP24.00$c2\0$e01-jan-2014$fGBP24.00$g0$hP$5Uk
=ACF  \\$aPrevious copyright fee: GBP25.00$c2\0$e01-jan-2015$fGBP25.00$g0$hP$5Uk
=ACF  \\$aPrevious copyright fee: GBP26.00$c2\0$e01-jan-2016$fGBP26.00$g0$hP$5Uk
=ACF  \\$aPrevious copyright fee: GBP28.00$c2\0$e01-jan-2017$fGBP28.00$g0$hP$5Uk
=ACF  \\$aPrevious copyright fee: GBP30.00$c2\0$e01-jan-2018$fGBP30.00$g0$hP$5Uk
=ACF  \\$aPrevious copyright fee: GBP32.00$c2\0$e01-jan-2019$fGBP32.00$g0$hP$5Uk
=ACF  \\$aPrevious copyright fee: GBP34.00$c2\0$e01-jan-2020$fGBP34.00$g0$hP$5Uk
=CAT  \\$a7152$b40$c20050531$lBLL01$h1437
=CAT  \\$aBATCH-UPD$b40$c20131119$lBLL01$h1959
=CAT  \\$aIPL-CLA$c20131231$lBLL01$h2350
=CAT  \\$aBATCH-UPD$b00$c20141124$lBLL01$h1802
=CAT  \\$aBLDSS-3PM$b00$c20141130$lBLL01$h1248
=CAT  \\$aIPL-CLA$c20141231$lBLL01$h1652
=CAT  \\$aBATCH-UPD$b00$c20151119$lBLL01$h1543
=CAT  \\$aIPL-CLA$c20151231$lBLL01$h1921
=CAT  \\$a14412$b40$c20160109$lBLL01$h0733
=CAT  \\$a14412$b40$c20160114$lBLL01$h1033
=CAT  \\$a14448$b40$c20160203$lBLL01$h0941
=CAT  \\$a11315$b40$c20160209$lBLL01$h0943
=CAT  \\$aBATCH-UPD$b40$c20160726$lBLL01$h0926
=CAT  \\$aBATCH-UPD$b40$c20161122$lBLL01$h1512
=CAT  \\$aIPL-CLA$c20161230$lBLL01$h2141
=CAT  \\$aBATCH-UPD$b00$c20171121$lBLL01$h1647
=CAT  \\$aW1711-1005$c20171206$lBLL01$h1817
=CAT  \\$aIPL-CLA$c20171231$lBLL01$h1643
=CAT  \\$aBATCH-UPD$b00$c20181217$lBLL01$h1638
=CAT  \\$aIPL-CLA$c20181231$lBLL01$h1542
=CAT  \\$aBATCH-UPD$b00$c20191122$lBLL01$h1900
=CAT  \\$aIPL-CLA$c20191231$lBLL01$h1933
=CAT  \\$aBATCH-UPD$b00$c20201118$lBLL01$h1333
=CAT  \\$aIPL-CLA$c20201231$lBLL01$h1529
=CAT  \\$aBATCH-UPD$b00$c20221121$lBLL01$h1346
=CAT  \\$aIPL-CLA$c20221231$lBLL01$h1446
=CFI  0\$aCurrent copyright fee: GBP37.00$c2\0$e01-jan-2023$fGBP37.00$g0$hP$5Uk
=CFI  2\$aPrevious copyright fee: GBP35.00$c2\0$e01-jan-2021$fGBP35.00$g0$hP$5Uk
=EST  \\$a1
=FFP  \\$aY$bBLDSS-3PM
=FIN  \\$aY$d20050531
=FMT  \\$a  SE
=LAS  \\$aIPL-CLA$b00$c20221231$lBLL01$h1446
=LET  \0$aLanguage and intercultural communication (Electronic)
=LKR  \\$aPAR$b009912522$lBLL01$r776$mLanguage & intercultural communication (Online)$nLanguage and intercultural communication
=MNI  \\$a1470-8477
=TCO  \\$aCLA$bCLA$c008
=TOC  \\$aETOC

