=LDR  05457cas a2201117 a 4500
=001  013212426
=003  Uk
=005  20230210010335.0
=007  ta
=008  050602d20062015enkqr\p\\\\\\\0\\\a0eng\\
=015  \\$aGBA710857$2bnb
=022  0\$a1747-7751
=040  \\$aUk$beng$cUk
=042  \\$aukblsr
=082  04$a363.61068$222
=222  \0$aWater utility management international$b(Print)
=245  00$aWater utility management international.
=246  30$aWater utility management
=260  \\$aLondon :$bIWA Pub.,$c[2006]-2015
=300  \\$av. :$bcol. ill. ;$c30 cm.
=310  \\$aQuarterly
=336  \\$atext$2rdacontent
=337  \\$aunmediated$2rdamedia
=338  \\$avolume$2rdacarrier
=362  1\$aBegan in Mar. 2006.
=500  \\$aDescription based on: Vol. 1, issue 4 (Dec. 2006).
=515  \\$aA pilot issue was published in Dec. 2005.
=540  \\$aCurrent Copyright Fee: GBP13.35$c0$5Uk
=650  \0$aWater utilities$xManagement$vPeriodicals.
=650  \0$aWater utilities$vPeriodicals.
=650  \0$aWater-supply$xGovernment policy$vPeriodicals.
=710  2\$aInternational Water Association.
=776  0\$tWater utility management international$c(Online)$x1747-776X
=852  11$aBritish Library$bSTI$k(P)$h363.61068$m-E(1) Business$3Vol. 1, issue 1 (2006)-v. 10, issue 4 (2015)
=985  \\$aResponsibility for ISSN transferred to the International Centre from ISSN UK, 26/11/07
=ACF  \\$aPrevious Copyright Fee: GBP13.35$c0$e01-apr-2012$fGBP13.35$g0$hC$5Uk
=ACF  \\$aPrevious Copyright Fee: GBP13.35$c0$e01-jan-2012$fGBP13.35$g0$hC$5Uk
=ACF  \\$aPrevious Copyright Fee: GBP13.35$c0$e01-oct-2011$fGBP13.35$g0$hC$5Uk
=ACF  \\$aPrevious Copyright Fee: GBP13.35$c0$e01-jul-2011$fGBP13.35$g0$hC$5Uk
=ACF  \\$aPrevious Copyright Fee: GBP13.35$c0$e01-apr-2011$fGBP13.35$g0$hC$5Uk
=ACF  \\$aPrevious Copyright Fee: GBP13.35$c0$e01-jan-2011$fGBP13.35$g0$hC$5Uk
=ACF  \\$aPrevious Copyright Fee: GBP13.35$c0$e01-oct-2010$fGBP13.35$g0$hC$5Uk
=ACF  \\$aPrevious Copyright Fee: GBP13.35$c0$e01-jul-2010$fGBP13.35$g0$hC$5Uk
=ACF  \\$aPrevious Copyright Fee: GBP13.35$c0$e01-apr-2010$fGBP13.35$g0$hC$5Uk
=ACF  \\$aPrevious Copyright Fee: GBP13.35$c0$e01-Jan-2010$fGBP13.35$g0$hC$5Uk
=ACF  \\$aPrevious Copyright Fee: GBP13.35$c0$e01-oct-2009$fGBP13.35$g0$hC$5Uk
=ACF  \\$aPrevious Copyright Fee: GBP13.35$c0$e01-jul-2009$fGBP13.35$g0$hC$5Uk
=ACF  \\$aPrevious Copyright Fee: GBP13.35$c0$e01-apr-2009$fGBP13.35$g0$hC$5Uk
=ACF  \\$aPrevious Copyright Fee: GBP13.35$c0$e01-jan-2009$fGBP13.35$g0$hC$5Uk
=ACF  \\$aPrevious Copyright Fee: GBP13.35$c0$e01-oct-2008$fGBP13.35$g0$hC$5Uk
=ACF  \\$aPrevious Copyright Fee: GBP13.35$c0$e01-jul-2008$fGBP13.35$g0$hC$5Uk
=ACF  \\$aPrevious Copyright Fee: GBP13.35$c0$e01-apr-2008$fGBP13.35$g0$hC$5Uk
=ACF  \\$aPrevious Copyright Fee: GBP13.35$c0$e01-jan-2008$fGBP13.35$g0$hC$5Uk
=ACF  \\$aPrevious Copyright Fee: GBP13.35$c0$e01-oct-2007$fGBP13.35$g0$hC$5Uk
=ACF  \\$aPrevious Copyright Fee: GBP13.35$c0$e01-jul-2007$fGBP13.35$g0$hC$5Uk
=ACF  \\$aPrevious Copyright Fee: GBP13.35$c0$e01-apr-2007$fGBP13.35$g0$hC$5Uk
=ACF  \\$aPrevious Copyright Fee: GBP13.35$c0$e01-jan-2007$fGBP13.35$g0$hC$5Uk
=ACF  \\$aPrevious Copyright Fee: GBP13.35$c0$e01-oct-2006$fGBP13.35$g0$hC$5Uk
=ACF  \\$aPrevious Copyright Fee: GBP13.35$c0$e01-jul-2006$fGBP13.35$g0$hC$5Uk
=ACF  \\$aPrevious Copyright Fee: GBP13.35$c0$e01-jul-2012$fGBP13.35$g0$hC$5Uk
=ACF  \\$aPrevious Copyright Fee: GBP13.35$c0$e01-oct-2012$fGBP13.35$g0$hC$5Uk
=CAT  \\$a9570$b40$c20050602$lBLL01$h1403
=CAT  \\$aBATCH-UPD$b00$c20100630$lBLL01$h2002
=CAT  \\$aIPL-CLA$c20100630$lBLL01$h2029
=CAT  \\$aBATCH-CLA$b00$c20100831$lBLL01$h1522
=CAT  \\$aIPL-CLA$c20100930$lBLL01$h1527
=CAT  \\$aBATCH-CLA$b00$c20101115$lBLL01$h1605
=CAT  \\$aIPL-CLA$c20101231$lBLL01$h1515
=CAT  \\$aBATCH-CLA$b00$c20110228$lBLL01$h1530
=CAT  \\$aIPL-CLA$c20110331$lBLL01$h1505
=CAT  \\$aBATCH-CLA$b00$c20110531$lBLL01$h1641
=CAT  \\$aIPL-CLA$c20110630$lBLL01$h1545
=CAT  \\$aBATCH-CLA$b00$c20110831$lBLL01$h1741
=CAT  \\$aIPL-CLA$c20110930$lBLL01$h1549
=CAT  \\$aBATCH-CLA$b00$c20111130$lBLL01$h1206
=CAT  \\$aIPL-CLA$c20111230$lBLL01$h2021
=CAT  \\$aBATCH-CLA$b00$c20120229$lBLL01$h1609
=CAT  \\$aIPL-CLA$c20120330$lBLL01$h1436
=CAT  \\$aBATCH-CLA$b00$c20120531$lBLL01$h1707
=CAT  \\$aIPL-CLA$c20120629$lBLL01$h1034
=CAT  \\$aBATCH-CLA$b00$c20120831$lBLL01$h1534
=CAT  \\$aIPL-CLA$c20120930$lBLL01$h2122
=CAT  \\$aBATCH-CLA$b00$c20121109$lBLL01$h1729
=CAT  \\$aWR14_140$c20140905$lBLL01$h1808
=CAT  \\$a6490$b40$c20221011$lBLL01$h1309
=CAT  \\$aBATCH-CLA$b00$c20221130$lBLL01$h1435
=CAT  \\$aIPL-CLA$c20221231$lBLL01$h2109
=CAT  \\$aBATCH-CLA$b00$c20230209$lBLL01$h1523
=CAT  \\$aIPL-CLA$c20230210$lBLL01$h0103
=CFI  0\$aCurrent Copyright Fee: GBP13.35$c0$e09-feb-2023$fGBP13.35$g0$hC$5Uk
=CFI  2\$aBritish Library not licensed to copy$c0$e01-jan-2023$hC$iCFP Excluded$5Uk
=FIN  \\$aY$d20070207
=FMT  \\$a  SE
=LAS  \\$aIPL-CLA$b00$c20230210$lBLL01$h0103
=LKR  \\$aPAR$b013212433$lBLL01$r776$mWater utility management international (Print)$nWater utility management international (Online)
=TCO  \\$aCLA$bCLA$c008

