=LDR  05383cas a2201213 a 4500
=001  013215031
=003  Uk
=005  20221231144621.0
=006  m\\\\\o\\d\\\\\\\\
=007  cr\un|||||||||
=008  050614c19799999enkqr\pso\\\\\0\\\a0eng\c
=010  \\$a  2007212230
=015  \\$aGBB348840$2bnb
=022  0\$a1475-5890$l0143-5671$y0143-5671
=035  \\$a(OCoLC)60630409
=037  \\$aISSN_01435671$bPortico$nWiley
=040  \\$aOCoLC$cOCoLC$dAAP$dOCoLC$dNSDP$dOCoLC$dGStG$dUk
=042  \\$aukblsr
=043  \\$ae-uk---
=050  \4$aHG11$b.F57
=082  04$a336.3$223
=130  0\$aFiscal studies (Online)
=222  \0$aFiscal studies$b(Online)
=245  10$aFiscal studies$h[electronic resource].
=260  \\$aLondon :$bInstitute for Fiscal Studies
=260  2\$a[Oxford] :$bBasil Blackwell, for the Institute for Fiscal Studies
=260  3\$32005-$aOxford :$bBlackwell Science
=310  \\$aQuarterly,$b<1985- >
=321  \\$aThree no. a year
=336  \\$atext$2rdacontent
=337  \\$acomputer$2rdamedia
=338  \\$aonline resource$2rdacarrier
=362  1\$aPrint began with v. 1, no. 1 (Nov. 1979).
=500  \\$a"The journal of applied public economics."
=500  \\$a"Published on behalf of the Institute for Fiscal Studies."
=530  \\$aAlso issued in print.
=538  \\$aMode of access: World Wide Web.
=540  \\$aCurrent Copyright Fee: GBP39.00$c35\0$5Uk
=588  \\$aDescription based on: Vol. 1, no. 2 (Mar. 1980); title from table of content screen (Publisher's Web site, viewed July 7, 2007).
=588  \\$aLatest issue consulted: Vol. 33, issue 2 (June 2012) (Wiley Online Library, viewed Aug. 1, 2012).
=650  \0$aFinance, Public$vPeriodicals.
=650  \0$aFiscal policy$vPeriodicals.
=650  \0$aEconomic policy$vPeriodicals.
=650  \0$aFinance, Public$zGreat Britain$vPeriodicals.
=690  7\$aManagement and Business Studies$2blcoll
=710  2\$aInstitute for Fiscal Studies (Great Britain)
=776  1\$tFiscal studies$x0143-5671
=852  41$aBritish Library$bHMNTS$jELD Digital store$3Volume 34:Number 1(2013)-***Previous issues available in print copy
=852  \\$aBritish Library$bDSC$j3934.479000$3Volume 26:Issue 1(2005)-Volume 32:Issue 4(2011)***See ESTAR for full holdings.
=856  \\$31850-9999$uhttp://onlinelibrary.wiley.com/$xBLDSS
=856  40$uhttp://firstsearch.oclc.org$zAddress for accessing the journal using authorization number and password through OCLC FirstSearch Electronic Collections Online
=856  40$uhttp://www.blackwellpublishing.com/journal.asp?ref=0143-5671&site=1
=856  40$uhttp://www.ifs.org.uk/publications/fiscalstudies/index.shtml
=859  \\$aELD$bejournal
=945  \\$aFISCAL STUDIES -LONDON-
=959  \\$fHeld but not currently received
=985  \\$aISSN note: responsibility for ISSN transferred from ISSN UK Centre to US ISSN Center in accordance with a multinational publisher agreement, January 23, 2014.
=ACF  \\$aPrevious copyright fee: GBP16.00$c10\0$e01-jan-2006$fGBP16.00$g0$hP$5Uk
=ACF  \\$aPrevious copyright fee: GBP15.00$c10\0$e01-jan-2005$fGBP15.00$g0$hP$5Uk
=ACF  \\$aPrevious copyright fee: GBP17.00$c10\0$e01-jan-2009$fGBP17.00$g0$hP$5Uk
=ACF  \\$aPrevious copyright fee: GBP22.00$c10\0$e01-jan-2011$fGBP22.00$g0$hP$5Uk
=ACF  \\$aPrevious copyright fee: GBP24.00$c10\0$e01-mar-2015$fGBP24.00$g0$hP$5Uk
=ACF  \\$aPrevious copyright fee: GBP24.00$c35\0$e07-mar-2017$fGBP24.00$g0$hP$5Uk
=ACF  \\$aPrevious copyright fee: GBP28.00$c35\0$e01-jan-2019$fGBP28.00$g0$hP$5Uk
=CAT  \\$a7174$b40$c20050607$lBLL01$h1650
=CAT  \\$aBATCH-CLA$b00$c20121109$lBLL01$h1729
=CAT  \\$a8874$b40$c20130517$lBLL01$h0907
=CAT  \\$a8874$b40$c20130517$lBLL01$h0908
=CAT  \\$aWR13.114$c20130717$lBLL01$h1313
=CAT  \\$aBATCH-PORT$c20130829$lBLL01$h1113
=CAT  \\$a11315$b40$c20140123$lBLL01$h1430
=CAT  \\$aBATCH-CLA$b00$c20140125$lBLL01$h1257
=CAT  \\$aWR14_009$c20140204$lBLL01$h2342
=CAT  \\$aBATCH-CLA$c20140225$lBLL01$h2324
=CAT  \\$aBLDSS-3PM$b00$c20141214$lBLL01$h1522
=CAT  \\$aBATCH-UPD$b00$c20150215$lBLL01$h1626
=CAT  \\$aIPL-CLA$c20150228$lBLL01$h2048
=CAT  \\$aBATCH-UPD$b00$c20160519$lBLL01$h2107
=CAT  \\$aW1703-0316$c20170306$lBLL01$h1824
=CAT  \\$aW1703-0316$c20170307$lBLL01$h1648
=CAT  \\$aIPL-CLA$c20170307$lBLL01$h1824
=CAT  \\$aW1711-1005$c20171206$lBLL01$h1817
=CAT  \\$aBATCH-UPD$b00$c20180219$lBLL01$h1747
=CAT  \\$aBATCH-UPD$b00$c20181121$lBLL01$h1621
=CAT  \\$aIPL-CLA$c20181231$lBLL01$h1542
=CAT  \\$aR1911-0245$c20191127$lBLL01$h0823
=CAT  \\$aR1911-0245$c20191127$lBLL01$h1045
=CAT  \\$aIPL-CLA$c20191231$lBLL01$h1933
=CAT  \\$a8055$b40$c20221228$lBLL01$h1451
=CAT  \\$aIPL-CLA$c20221231$lBLL01$h1446
=CFI  0\$aCurrent Copyright Fee: GBP39.00$c35\0$e01-jan-2023$fGBP39.00$g0$hP$5Uk
=CFI  2\$aPrevious Copyright Fee: GBP32.00$c35\0$e01-jan-2020$fGBP32.00$g0$hP$5Uk
=EST  \\$a1
=FFP  \\$aY$bBLDSS-3PM
=FIN  \\$aY$d20120801
=FMT  \\$a  SE
=LAS  \\$aIPL-CLA$b00$c20221231$lBLL01$h1446
=LEO  \\$aMP22.0000067965
=MNI  \\$a0143-5671
=SRC  \\$aISN01$bbibmp22.200404.2.aa
=SRC  \\$aBLL02
=TCO  \\$aCLA$bCLA$c008
=TOC  \\$aETOC
=UNO  \\$aY

