=LDR  02294 as a2200589 a 4500
=001  013264780
=003  Uk
=005  20151015155052.0
=006  m\\\\\\\\d\|\\\\\\
=007  co||||||||||||
=008  050802d200u201uenkqr\\\ss\\\\0\\\a0eng\\
=015  \\$aGBA781134$2bnb
=022  0\$a1755-5620
=040  \\$aUk$beng$cUk$dUk
=042  \\$aukblsr
=082  04$a338.17373$222
=130  0\$aCoffee statistics (CD-ROM)
=222  \0$aCoffee statistics$b(CD-ROM)
=245  10$aCoffee statistics$h[electronic resource].
=260  \\$aLondon :$bInternational Coffee Organization
=300  \\$aCD-ROMs ;$c4 3/4 in.
=310  \\$aQuarterly
=336  \\$atext$2rdacontent
=337  \\$acomputer$2rdamedia
=338  \\$acomputer disc$2rdacarrier
=500  \\$aDescription based on: No. 44 (Dec. 2006); title printed on CD-ROM.
=520  \\$aProvides information on production, exports, imports, re-exports, market prices, prices to growers and values of imports and exports.
=538  \\$aSystem requirements: IBM compatible PC; Windows.
=580  \\$aBeginning with issue 41 (Dec. 2005) issued as CD-ROM format only.
=650  \0$aCoffee industry$vStatistics$vPeriodicals.
=690  7\$aManagement and Business Studies$2blcoll
=710  2\$aInternational Coffee Organization (1962- )
=780  00$tCoffee statistics$x1364-9086
=785  00$tStatistics on coffee$x2046-9519
=852  41$aBritish Library$bHMNTS$jSPR.CD.780$3Issue 37-Issue 60
=985  \\$aISSN UK Centre: responsibility transferred to IC, publisher=international body (15.10.15).
=CAT  \\$a10902$b40$c20050802$lBLL01$h1627
=CAT  \\$a3072$b40$c20070919$lBLL01$h1715
=CAT  \\$a3072$b40$c20071009$lBLL01$h1554
=CAT  \\$a3072$b40$c20071010$lBLL01$h1332
=CAT  \\$a10902$b40$c20080205$lBLL01$h1516
=CAT  \\$aBATCH$b00$c20081124$lBLL01$h1132
=CAT  \\$aBATCH$b00$c20090624$lBLL01$h1703
=CAT  \\$a3072$b40$c20110819$lBLL01$h1129
=CAT  \\$aWR14_140$c20140905$lBLL01$h1808
=CAT  \\$a10973$b40$c20151015$lBLL01$h1550
=FIN  \\$aY$d20071009
=FMT  \\$a  SE
=LAS  \\$a10973$b40$c20151015$lBLL01$h1550
=LET  \0$aCoffee statistics (CD-ROM)
=LKR  \\$aPAR$b007246915$lBLL01$r78010$mCoffee statistics (CD-ROM)$nCoffee statistics
=TCO  \\$aCLA$bCLA$c008

