=LDR  02328cas a2200625 a 4500
=001  013278074
=003  Uk
=005  20230911110013.0
=007  ta
=008  050823c20059999enkar\p\\\\\\\0\\\a0eng\\
=015  \\$aGBA613474$2bnb
=016  \\$a013278074
=022  \\$a1748-8133
=040  \\$aUk$beng$cUk
=042  \\$aukblsr
=082  04$a338.927$223
=222  \0$aWorld sustainable development outlook
=245  00$aWorld sustainable development outlook ... :$bglobal competitiveness, a common goal in a digital society.
=260  \\$aBrighton :$bEmerald Group Publishing,$c2005-
=260  3\$32006-$aBrighton :$bWorld Association for Sustainable Development / Science and Technology Policy Research, University of Sussex
=300  \\$av. :$bill. ;$c24 cm.
=310  \\$aAnnual
=336  \\$atext$2rdacontent
=337  \\$aunmediated$2rdamedia
=338  \\$avolume$2rdacarrier
=362  0\$a2005-
=500  \\$aSubtitle may vary.
=588  \\$aLatest issue consulted: 2013.
=650  \0$aSustainable development$vPeriodicals.
=650  \0$aGlobalization$vPeriodicals.
=650  \0$aInternational trade$vPeriodicals.
=690  7\$aManagement and Business Studies$2blcoll
=700  1\$aAhmed, A.$q(Allam),$eeditor.
=710  2\$aWorld Association for Sustainable Development.
=852  41$aBritish Library$bHMNTS$jZC.9.a.7383$32005, 2008-2017***Title now taken as electronic copy only
=985  \\$aISSN responsibility transfer to IC pending (Richard, 11/09/23)
=CAT  \\$a9570$b40$c20050823$lBLL01$h1134
=CAT  \\$a8128$b40$c20060113$lBLL01$h1331
=CAT  \\$a8128$b40$c20060117$lBLL01$h1420
=CAT  \\$a5100$b40$c20060217$lBLL01$h1138
=CAT  \\$aBATCH$b00$c20090624$lBLL01$h1704
=CAT  \\$a11315$b40$c20091118$lBLL01$h1027
=CAT  \\$a7778$b40$c20130218$lBLL01$h1443
=CAT  \\$a10806$b40$c20131004$lBLL01$h1156
=CAT  \\$a10806$b40$c20131004$lBLL01$h1159
=CAT  \\$a10806$b40$c20131220$lBLL01$h1109
=CAT  \\$a10806$b40$c20131220$lBLL01$h1112
=CAT  \\$aWR14_140$c20140905$lBLL01$h1809
=CAT  \\$aWR16_021$c20160611$lBLL01$h2015
=CAT  \\$aBATCH-016$c20160905$lBLL01$h1708
=CAT  \\$a10806$b40$c20230911$lBLL01$h1100
=FIN  \\$aY$d20060113
=FMT  \\$a  SE
=LAS  \\$a10806$b40$c20230911$lBLL01$h1100
=TCO  \\$aCLA$bCLA$c008

