=LDR  01706aas a2200493 a 4500
=001  013289874
=003  Uk
=005  20080815075916.0
=007  ta
=008  050909c20079999ja\fr\p\\\\\\\0\\\a0eng\\
=015  \\$aGBA782765$2bnb
=022  0\$a1749-0448
=040  \\$aUk$beng$cUk
=042  \\$aukblsr
=082  04$a615.895$222
=210  0\$aAdv. gene mol. cell ther.
=222  \0$aAdvances in gene, molecular & cell therapy
=245  00$aAdvances in gene, molecular & cell therapy.
=246  3\$aAdvances in gene, molecular and cell therapy
=260  \\$aIsleworth :$bGlobal Science Books,$c2007-
=300  \\$av. :$bill. (some col.) ;$c30 cm.
=310  \\$aSemiannual
=336  \\$atext$2rdacontent
=337  \\$aunmediated$2rdamedia
=338  \\$avolume$2rdacarrier
=362  0\$aVol. 1, no. 1 (2007)-
=500  \\$aPublication transferred to Takamatsu, Japan.
=650  \0$aGene therapy$vPeriodicals.
=650  \0$aCellular therapy$vPeriodicals.
=852  11$aBritish Library$bSTI$k(P)$h615.895$m-E(1)$3Vol. 1, no. 1 (2007)-v. 1, no. 2 (2007)
=985  \\$aResponsibility for ISSN transferred to Japanese Centre from ISSN UK, 15.08.08
=CAT  \\$a6537$b40$c20050909$lBLL01$h0812
=CAT  \\$a11316$b40$c20070906$lBLL01$h1428
=CAT  \\$a11316$b40$c20070906$lBLL01$h1434
=CAT  \\$a3072$b40$c20071011$lBLL01$h1509
=CAT  \\$a3072$b40$c20071011$lBLL01$h1513
=CAT  \\$a3072$b40$c20071011$lBLL01$h1540
=CAT  \\$a6537$b40$c20080815$lBLL01$h0745
=CAT  \\$a6537$b40$c20080815$lBLL01$h0759
=CAT  \\$aWR14_140$c20140905$lBLL01$h1809
=FIN  \\$aY$d20070906
=FMT  \\$a  SE
=LAS  \\$aWR14_140$b00$c20140905$lBLL01$h1809
=TCO  \\$aJPN$bJAACC$c008

