=LDR  06052cas a2201261 a 4500
=001  013293441
=003  Uk
=005  20220930142701.0
=007  ta
=008  021030c20029999enktr\p\\\\\\\0\\\a0eng\c
=010  \\$a  2002212034
=022  \\$a1542-3166
=035  \\$a(OCoLC)50900171
=040  \\$aNSDP$beng$cNSDP$dPSt$dDLC$dOCoLC$dUk
=042  \\$aukblsr
=050  14$aJZ5511.2$b.J68
=082  04$a327.172$223
=210  0\$aJ. peacebuild. dev.$b(Print)
=222  \0$aJournal of peacebuilding & development$b(Print)
=245  00$aJournal of peacebuilding & development.
=246  3\$aJournal of peace-building and development
=260  \\$aWashington, DC :$bCenter for Global Peace, American University,$c[2002]-
=264  31$aAbingdon, Oxon, UK :$bRoutledge, Taylor & Francis Group
=300  \\$av. :$bill. ;$c28 cm.
=310  \\$aThree times a year,$b2011-
=321  \\$aSemiannual,$b2006-2010
=321  \\$aAnnual,$b2005
=321  \\$aSemiannual,$b2004
=321  \\$aAnnual,$b2002-2003
=336  \\$atext$2rdacontent
=337  \\$aunmediated$2rdamedia
=338  \\$avolume$2rdacarrier
=362  1\$aBegan with vol. 1, no. 1 (2002).
=525  \\$aIncludes occasional topical special issues.
=540  \\$aCurrent copyright fee: GBP32.82$c103\0$5Uk
=588  \\$aDescription based on: Vol. 1, no. 1 (2002); title from cover.
=588  \\$aLatest issue consulted: volume 10, number 1 (2015).
=595  \\$aSee also Card Index.
=650  \0$aPeace-building$vPeriodicals.
=710  2\$aAmerican University (Washington, D.C.).$bCenter for Global Peace.
=710  2\$aSouth-North Centre for Peacebuilding and Development.
=776  08$iOnline version:$tJournal of peacebuilding & development$x2165-7440
=852  41$aBritish Library$bHMNTS$jZC.9.a.9569$3Vol. 10, no. 1 (2015)-v. 10, no. 3 (2015)***Last 12 months only***Title now taken as electronic copy only
=852  41$aBritish Library$bDSC$j5030.130000$3Vol. 1, no. 1 (2002)-v. 5, no. 3 (2010)
=856  41$uhttp://tandfonline.com
=856  \\$31850-9999$uhttp://www.tandfonline.com/$xBLDSS
=945  \\$aJournal of peacebuilding and development
=959  \\$fHeld but not currently received
=985  \\$aISSN responsibility already transferred from U.S. Center to UK. Now waiting for print copy from SAGE to update this record and code it (Richard, 27/11/20). Print copy claimed again 19/11/21 (Richard)
=ACF  \\$aPrevious Copyright Fee: GBP1.43$c0$e01-jul-2009$fGBP1.43$g0$hC$5Uk
=ACF  \\$aPrevious Copyright Fee: GBP1.43$c0$e01-apr-2009$fGBP1.43$g0$hC$5Uk
=ACF  \\$aPrevious Copyright Fee: GBP1.25$c0$e01-jan-2009$fGBP1.25$g0$hC$5Uk
=ACF  \\$aPrevious Copyright Fee: GBP1.00$c0$e01-oct-2008$fGBP1.00$g0$hC$5Uk
=ACF  \\$aPrevious copyright fee: GBP6.00$c0$e01-apr-2008$fGBP6.00$g0$hA$5Uk
=ACF  \\$aPrevious copyright fee: GBP5.00$c0$e14-sep-2005$fGBP5.00$g0$hA$5Uk
=ACF  \\$aPrevious copyright fee: GBP10.50$c0$e01-jan-2011$fGBP10.50$g0$hA$5Uk
=ACF  \\$aCurrent Copyright Fee: GBP25.00$c0$e01-jan-2013$fGBP25.00$g0$hC$5Uk
=ACF  \\$aBritish Library not licensed to copy$c0$e07-sep-2011$hC$iTX$5Uk
=ACF  \\$aPrevious Copyright Fee: GBP23.50$c2\0$e05-aug-2013$fGBP23.50$g0$hP$5Uk
=ACF  \\$aPrevious copyright fee: GBP24.00$c2\0$e01-jan-2014$fGBP24.00$g0$hP$5Uk
=ACF  \\$aPrevious copyright fee: GBP25.00$c2\0$e01-jan-2015$fGBP25.00$g0$hP$5Uk
=ACF  \\$aPrevious copyright fee: GBP26.00$c2\0$e01-jan-2016$fGBP26.00$g0$hP$5Uk
=ACF  \\$aPrevious copyright fee: GBP28.00$c2\0$e01-jan-2017$fGBP28.00$g0$hP$5Uk
=ACF  \\$aPrevious copyright fee: GBP32.00$c2\0$e01-jan-2019$fGBP32.00$g0$hP$5Uk
=ACF  \\$aPrevious copyright fee: GBP30.00$c2\0$e01-jan-2018$fGBP30.00$g0$hP$5Uk
=ACF  \\$aPrevious copyright fee: GBP27.69$c103\0$e08-jan-2019$fGBP27.69$g0$hP$5Uk
=ACF  \\$aPrevious copyright fee: GBP29.08$c103\0$e01-jul-2019$fGBP29.08$g0$hP$5Uk
=ACF  \\$aPrevious copyright fee: GBP30.24$c103\0$e01-oct-2019$fGBP30.24$g0$hP$5Uk
=ACF  \\$aPrevious copyright fee: GBP30.29$c103\0$e01-apr-2020$fGBP30.29$g0$hP$5Uk
=ACF  \\$aPrevious copyright fee: GBP31.50$c103\0$e01-jul-2020$fGBP31.50$g0$hP$5Uk
=ACF  \\$aPrevious copyright fee: GBP29.17$c103\0$e01-apr-2021$fGBP29.17$g0$hP$5Uk
=ACF  \\$aPrevious copyright fee: GBP28.13$c103\0$e07-jul-2021$fGBP28.13$g0$hP$5Uk
=CAT  \\$a6490$b40$c20050914$lBLL01$h1420
=CAT  \\$aIPL-CLA$c20161230$lBLL01$h2145
=CAT  \\$a8323$b40$c20170308$lBLL01$h1440
=CAT  \\$aBATCH-UPD$b40$c20171121$lBLL01$h1647
=CAT  \\$aIPL-CLA$c20171231$lBLL01$h1646
=CAT  \\$aBATCH-UPD$b00$c20181217$lBLL01$h1638
=CAT  \\$aIPL-CLA$c20181231$lBLL01$h1542
=CAT  \\$a5552$b40$c20190108$lBLL01$h1116
=CAT  \\$aBATCH-UPD$b40$c20190521$lBLL01$h1346
=CAT  \\$aIPL-CLA$c20190630$lBLL01$h1535
=CAT  \\$aBATCH-UPD$b00$c20190829$lBLL01$h1429
=CAT  \\$aIPL-CLA$c20190930$lBLL01$h1638
=CAT  \\$aBATCH-UPD$b00$c20200219$lBLL01$h1419
=CAT  \\$aIPL-CLA$c20200331$lBLL01$h1615
=CAT  \\$aBATCH-UPD$b00$c20200522$lBLL01$h1412
=CAT  \\$aIPL-CLA$c20200701$lBLL01$h0056
=CAT  \\$a10806$b40$c20201127$lBLL01$h1031
=CAT  \\$aBATCH-UPD$b40$c20210226$lBLL01$h0952
=CAT  \\$aIPL-CLA$c20210331$lBLL01$h1700
=CAT  \\$aBATCH-UPD$b00$c20210707$lBLL01$h1516
=CAT  \\$aIPL-CLA$c20210707$lBLL01$h1843
=CAT  \\$a10806$b40$c20211119$lBLL01$h0802
=CAT  \\$aBATCH-UPD$b40$c20220520$lBLL01$h1543
=CAT  \\$aIPL-CLA$c20220630$lBLL01$h1537
=CAT  \\$aBATCH-UPD$b00$c20220824$lBLL01$h0819
=CAT  \\$aIPL-CLA$c20220930$lBLL01$h1427
=CFI  0\$aCurrent copyright fee: GBP32.82$c103\0$e01-oct-2022$fGBP32.82$g0$hP$5Uk
=CFI  2\$aPrevious copyright fee: GBP31.50$c103\0$e01-jul-2022$fGBP31.50$g0$hP$5Uk
=FFP  \\$aY$bBLDSS-3PM
=FIN  \\$aY$d20150608
=FMT  \\$a  SE
=LAS  \\$aIPL-CLA$b00$c20220930$lBLL01$h1427
=SRC  \\$aBLL02
=TCO  \\$aXXX$c008
=TOC  \\$aETOC
=UNO  \\$aY

