=LDR  02639cas a2200673 a 4500
=001  013307644
=003  Uk
=005  20230210010418.0
=007  ta
=008  051005c20079999ja\fr\p\\\\\\\0\\\a0eng\\
=015  \\$aGBA782609$2bnb
=022  0\$a1749-4818
=040  \\$aUk$beng$cUk$dUk
=042  \\$aukblsr
=082  04$a632.9$222
=210  0\$aPest technol.$b(Isleworth)
=222  \0$aPest technology$b(Isleworth)
=245  00$aPest technology.
=260  \\$aIsleworth :$bGlobal Science Books,$c2007-
=300  \\$av. :$bill. (some col.) ;$c30 cm.
=310  \\$aSemiannual
=336  \\$atext$2rdacontent
=337  \\$aunmediated$2rdamedia
=338  \\$avolume$2rdacarrier
=362  0\$aVol. 1, no. 1 (2007)-
=500  \\$aPublication transferred to Takamatsu, Japan.
=540  \\$aCurrent Copyright Fee: GBP25.00$c0$5Uk
=650  \0$aPlant parasites$xControl$vPeriodicals.
=650  \0$aPlant parasites$vPeriodicals.
=852  11$aBritish Library$bSTI$k(P)$h632.9$m-E(1)$3Vol. 1, no. 1 (2007)-v. 1, no. 2 (2007)
=985  \\$aResponsibility for ISSN transferred to Japanese Centre from ISSN UK, 15.08.08
=ACF  \\$aPrevious Copyright Fee: GBP15.00$c0$e01-apr-2017$fGBP15.00$g0$hC$5Uk
=ACF  \\$aPrevious Copyright Fee: GBP17.50$c0$e01-jan-2018$fGBP17.50$g0$hC$5Uk
=ACF  \\$aPrevious Copyright Fee: GBP20.00$c0$e01-jan-2020$fGBP20.00$g0$hC$5Uk
=ACF  \\$aPrevious Copyright Fee: GBP22.50$c0$e01-jan-2021$fGBP22.50$g0$hC$5Uk
=CAT  \\$a9570$b40$c20051005$lBLL01$h1703
=CAT  \\$a6537$b40$c20060904$lBLL01$h1413
=CAT  \\$a11316$b40$c20070906$lBLL01$h1610
=CAT  \\$a8323$b40$c20071010$lBLL01$h1437
=CAT  \\$a6537$b40$c20080815$lBLL01$h0755
=CAT  \\$aWR14_140$c20140905$lBLL01$h1809
=CAT  \\$aBATCH-CLA$b00$c20170228$lBLL01$h1627
=CAT  \\$aIPL-CLA$c20170331$lBLL01$h1846
=CAT  \\$aBATCH-CLA$b00$c20171130$lBLL01$h1648
=CAT  \\$aIPL-CLA$c20171231$lBLL01$h1647
=CAT  \\$aBATCH-CLA$b00$c20191129$lBLL01$h1623
=CAT  \\$aIPL-CLA$c20191231$lBLL01$h1935
=CAT  \\$aBATCH-CLA$b00$c20201126$lBLL01$h1415
=CAT  \\$aIPL-CLA$c20201231$lBLL01$h2205
=CAT  \\$aBATCH-CLA$b00$c20221130$lBLL01$h1454
=CAT  \\$aIPL-CLA$c20221231$lBLL01$h2114
=CAT  \\$aBATCH-CLA$b00$c20230209$lBLL01$h1541
=CAT  \\$aIPL-CLA$c20230210$lBLL01$h0104
=CFI  0\$aCurrent Copyright Fee: GBP25.00$c0$e09-feb-2023$fGBP25.00$g0$hC$5Uk
=CFI  2\$aBritish Library not licensed to copy$c0$e01-jan-2023$hC$iCFP Excluded$5Uk
=FIN  \\$aY$d20070906
=FMT  \\$a  SE
=LAS  \\$aIPL-CLA$b00$c20230210$lBLL01$h0104
=TCO  \\$aJPN$bJAACC$c008

