=LDR  04009cas a2200937 a 4500
=001  013309175
=003  Uk
=005  20211231154313.0
=007  ta
=008  051010c20079999ne\qr\p\\\\\\\0\\\a0eng\\
=015  \\$aGBB258943$2bnb
=022  0\$a1749-4613
=040  \\$aUk$beng$cUk$dUk
=042  \\$aukblsr
=082  04$a616.96901$222
=210  00$aFungal biol. rev.
=222  \0$aFungal biology reviews
=245  00$aFungal biology reviews.
=260  \\$aAmsterdam ;$aLondon :$bElsevier,$c2007-
=300  \\$av. :$bill. (chiefly col.) ;$c26 cm.
=310  \\$aQuarterly
=336  \\$atext$2rdacontent
=337  \\$aunmediated$2rdamedia
=338  \\$avolume$2rdacarrier
=362  0\$aVol. 21, 1 (Feb. 2007)-
=540  \\$aCurrent copyright fee: GBP34.30$c5\1$5Uk
=650  \0$aFungal molecular biology$vPeriodicals.
=650  \0$aFungi$xGenetics$vPeriodicals.
=650  \0$aMycology$vPeriodicals.
=710  2\$aBritish Mycological Society.
=776  0\$tFungal biology reviews (Online)$x1878-0253
=780  00$tMycologist$x0269-915X
=852  11$aBritish Library$bSTI$k(P)$h616.96901$m-E(1)$3Vol. 21, pt. 1 (2007)-vol. 28, part 4(Dec. 2014)***title now taken as electronic copy
=852  41$aBritish Library$bDSC$j4056.627250$3Vol. 21, no. 1 (2007)-v. 23, no. 4 (2009)***UKRR Retained Title
=856  \\$31850-9999$uhttp://www.elsevier.com/journals$xBLDSS
=945  \\$aFungal biology reviews
=959  \\$fHeld but not currently received
=985  \\$aResponsibility for ISSN transfered to ISSN Netherlands from ISSN UK, 11.06.07.
=ACF  \\$aPrevious copyright fee: GBP19.00$c5\5$e01-jan-2008$fGBP19.00$g0$hP$5Uk
=ACF  \\$aPrevious Copyright Fee: GBP18.00$c5\5$e31-may-2007$fGBP18.00$g0$hP$5Uk
=ACF  \\$aPrevious Copyright Fee: GBP18.00$c0$e01-apr-2007$fGBP18.00$g0$hC$5Uk
=ACF  \\$aPrevious Copyright Fee: GBP17.30$c0$e01-jan-2007$fGBP17.30$g0$hC$5Uk
=ACF  \\$aPrevious copyright fee: GBP20.00$c5\1$e01-jan-2009$fGBP20.00$g0$hP$5Uk
=ACF  \\$aPrevious copyright fee: GBP21.00$c5\1$e01-jan-2012$fGBP21.00$g0$hP$5Uk
=ACF  \\$aPrevious copyright fee: GBP22.50$c5\1$e01-jan-2013$fGBP22.50$g0$hP$5Uk
=ACF  \\$aPrevious copyright fee: GBP23.40$c5\1$e01-jan-2018$fGBP23.40$g0$hP$5Uk
=CAT  \\$a6537$b40$c20051010$lBLL01$h1356
=CAT  \\$aBATCH-UPD$b00$c20081231$lBLL01$h2321
=CAT  \\$aBATCH-UPD$b00$c20090101$lBLL01$h0053
=CAT  \\$aBATCH$b00$c20090101$lBLL01$h0229
=CAT  \\$aCDS-UPD$b40$c20091208$lBLL01$h2214
=CAT  \\$aCDS-UPD$b40$c20091208$lBLL01$h2234
=CAT  \\$aWR11_155$c20111021$lBLL01$h1325
=CAT  \\$aWR11_155$c20111114$lBLL01$h1646
=CAT  \\$aBATCH-UPD$b00$c20111123$lBLL01$h1853
=CAT  \\$aIPL-CLA$c20111230$lBLL01$h2022
=CAT  \\$a8124$b40$c20120619$lBLL01$h0852
=CAT  \\$aBATCH-CLA$b00$c20121109$lBLL01$h1728
=CAT  \\$aBATCH-UPD$b00$c20121121$lBLL01$h1657
=CAT  \\$aIPL-CLA$c20121231$lBLL01$h1317
=CAT  \\$aIPL-CLA$c20130102$lBLL01$h1740
=CAT  \\$aBATCH-CLA$b00$c20140125$lBLL01$h1320
=CAT  \\$aBATCH-CLA$c20140225$lBLL01$h2325
=CAT  \\$aBLDSS-3PM$b00$c20141222$lBLL01$h1714
=CAT  \\$aBATCH-UPD$b00$c20160413$lBLL01$h1820
=CAT  \\$aBATCH-UPD$b00$c20170725$lBLL01$h2205
=CAT  \\$aBATCH-UPD$b00$c20171121$lBLL01$h1745
=CAT  \\$aIPL-CLA$c20171231$lBLL01$h1647
=CAT  \\$aBATCH-UPD$b00$c20190521$lBLL01$h1437
=CAT  \\$aIPL-CLA$c20190630$lBLL01$h1535
=CAT  \\$aBATCH-UPD$b00$c20211119$lBLL01$h1554
=CAT  \\$aIPL-CLA$c20211231$lBLL01$h1543
=CFI  0\$aCurrent copyright fee: GBP34.30$c5\1$e01-jan-2022$fGBP34.30$g0$hP$5Uk
=CFI  2\$aPrevious copyright fee: GBP32.84$c5\1$e01-jul-2019$fGBP32.84$g0$hP$5Uk
=FFP  \\$aY$bBLDSS-3PM
=FIN  \\$aY$d20070607
=FMT  \\$a  SE
=LAS  \\$aIPL-CLA$b00$c20211231$lBLL01$h1543
=LKR  \\$aPAR$b012759074$lBLL01$r78000$mFungal biology reviews$nMycologist (Cambridge)
=TCO  \\$aNLD$bSTICHTING REPRORECHT$c008
=TOC  \\$aETOC

