=LDR  01793 as a22004817a 4500
=001  013319375
=003  Uk
=005  20111011115048.0
=007  ta
=008  051024d20042009enkqr\p\\\\\\\0\\\a0eng\\
=022  0\$a1757-5400
=040  \\$aUk$beng$cUk$dUk
=222  \0$aBuzz extra
=245  00$aBuzz extra :$bthe world view of bees and beekeeping /$cIBRA, International Bee Research Association.
=260  \\$aCardiff :$bIBRA,$c2004-2009.
=300  \\$av. :$bill. (some col.) ;$c30 cm.
=310  \\$aQuarterly
=336  \\$atext$2rdacontent
=337  \\$aunmediated$2rdamedia
=338  \\$avolume$2rdacarrier
=362  0\$aVol. 1, no. 1 (Feb. 2004)-2009.
=500  \\$aDescription based on: No. 3 (Aug. 2004).
=650  \0$aBee culture$vPeriodicals.
=710  2\$aInternational Bee Research Association.
=785  00$tBee world (Cardiff, Wales : 2010)
=787  0\$tJournal of apicultural research$x0021-8839
=852  41$aBritish Library$bHMNTS$jZK.9.b.23476$3No. 1 (2004)-no. 4 (2009)
=985  \\$aResponsibility for ISSN transferred to ISSN International Centre from ISSN UK Centre, 23.02.2010
=CAT  \\$a11187$b40$c20051024$lBLL01$h1212
=CAT  \\$a11187$b40$c20051025$lBLL01$h1140
=CAT  \\$a11187$b40$c20051025$lBLL01$h1141
=CAT  \\$a11187$b40$c20051107$lBLL01$h1557
=CAT  \\$a11313$b40$c20080418$lBLL01$h0856
=CAT  \\$a11313$b40$c20100223$lBLL01$h1430
=CAT  \\$a5110$b40$c20100809$lBLL01$h1159
=CAT  \\$a8124$b40$c20111011$lBLL01$h1147
=CAT  \\$a8124$b40$c20111011$lBLL01$h1149
=CAT  \\$a8124$b40$c20111011$lBLL01$h1150
=FIN  \\$aY$d20051107
=FMT  \\$a  SE
=LAS  \\$a8124$b40$c20111011$lBLL01$h1150
=LKR  \\$aPAR$b008209553$lBLL01$r787$mBuzz extra$nJournal of Apicultural Research
=TCO  \\$aCLA$bCLA$c008

