=LDR  01909 as a2200553 a 4500
=001  013336848
=003  Uk
=005  20161215083345.0
=007  ta
=008  051115d20062010enkbr\p\\\\\\\0\\\a0eng\\
=015  \\$aGBA809884$2bnb
=022  0\$a1749-7906
=040  \\$aUk$beng$cUk
=042  \\$aukblsr
=082  04$a910.5$222
=222  \0$aCNN traveller. Asia Pacific
=245  00$aCNN traveller.$pAsia Pacific.
=246  3\$aCable News Network traveller.$pAsia Pacific
=260  \\$aSingapore ;$a[London] :$bINK Publishing
=300  \\$av. :$bcol. ill., col. ports. ;$c28 cm.
=310  \\$aBi-monthly
=336  \\$atext$2rdacontent
=337  \\$aunmediated$2rdamedia
=338  \\$avolume$2rdacarrier
=362  1\$aBegan in 2006.
=500  \\$aDescription based on: Issue 1/07 (Jan./Feb. 2007).
=650  \0$aTravel$zAsia$vPeriodicals.
=650  \0$aTravel$zPacific Area$vGuidebooks.
=651  \0$aAsia$vPeriodicals.
=651  \0$aPacific Area$vPeriodicals.
=710  2\$aCable News Network.
=772  0\$tCNN traveller$x1740-441X
=852  41$aBritish Library$bHMNTS$jZK.9.a.10592$3Issue 1 (2007)-issue 21 (2010)
=985  \\$aPublished in Singapore. Responsibility for ISSN transferred to Singapore ISSN Centre from ISSN UK Centre, 17.01.08
=985  \\$aPlease do not merge this record.
=CAT  \\$a6537$b40$c20051115$lBLL01$h1240
=CAT  \\$a6537$b40$c20051115$lBLL01$h1243
=CAT  \\$a6537$b40$c20080117$lBLL01$h0827
=CAT  \\$a10806$b40$c20080125$lBLL01$h1115
=CAT  \\$a10806$b40$c20080125$lBLL01$h1116
=CAT  \\$a10806$b40$c20080125$lBLL01$h1123
=CAT  \\$a10806$b40$c20080206$lBLL01$h1358
=CAT  \\$a5508$b40$c20080222$lBLL01$h1533
=CAT  \\$aWR14_140$c20140905$lBLL01$h1809
=CAT  \\$a7778$b40$c20161215$lBLL01$h0833
=FIN  \\$aY$d20080222
=FMT  \\$a  SE
=LAS  \\$a7778$b40$c20161215$lBLL01$h0833
=TCO  \\$aCLA$bCLA$c008

