=LDR  05391cas a2201177 a 4500
=001  013351478
=003  Uk
=005  20230930080733.0
=006  m\\\\\\\\d\\\\\\\\
=007  cr\|||||||||||
=008  000508c19979999enkbx\pss\\\\\0\\\a0eng\d
=015  \\$aGBA602786$2bnb
=022  0\$a1469-3593$l1362-1025$21
=037  \\$aISSN_13621025$bPortico$nTaylor & Francis
=040  \\$aF#A$cF#A$dOCLCQ$dNSD$dOCLCQ$dOCL$dUk
=042  \\$aukblsr
=082  04$a323.605$222
=130  0\$aCitizenship studies (Online)
=210  0\$aCitiz sh. Stud.$b(Online)
=222  \0$aCitizenship studies$b(Online)
=245  10$aCitizenship studies$h[electronic resource].
=260  \\$a[Abingdon, Oxfordshire] :$bCarfax International Publishers,$c[2000]-
=264  31$a[Abingdon] :$bTaylor & Francis
=310  \\$aEight issues yearly
=321  \\$aThree no. a year
=336  \\$atext$2rdacontent
=337  \\$acomputer$2rdamedia
=338  \\$aonline resource$2rdacarrier
=362  1\$aPrint began with vol. 1, no. 1 (Feb. 1997).
=500  \\$aDescription based on: Vol. 4, no. 1 (Feb. 2000); title from journal information screen (viewed May 1, 2000).
=540  \\$aCurrent copyright fee: GBP37.00$c2\0$5Uk
=588  \\$aLatest issue consulted: volume 18, issue 5 (2014) (Taylor & Francis Online, viewed July 22, 2014).
=650  \0$aCitizenship$vPeriodicals.
=650  \0$aPolitical participation$vPeriodicals.
=650  \0$aHuman rights$vPeriodicals.
=650  \0$aCivil rights$vPeriodicals.
=776  08$iAlso issued in print as:$tCitizenship studies$x1362-1025
=852  41$aBritish Library$bHMNTS$jELD Digital store$3Volume 20:Issue 1(2016)-***Previous issues available in print copy
=852  41$aBritish Library$bDSC$j3267.793900$3Volume 10:Issue 1(2006)-Volume 15:Issue 8(2011)***See ESTAR for full holdings.
=856  \\$31850-9999$uhttp://www.tandfonline.com/$xBLDSS
=856  40$uhttp://www.tandfonline.com/toc/ccst20/current
=859  \\$aELD$bejournal
=945  \\$aCITIZENSHIP STUDIES.
=959  \\$fHeld but not currently received
=985  \\$aISSN responsibility taken by US ISSN Center (multinational publisher agreement), July 24 2014.
=ACF  \\$aPrevious copyright fee: GBP17.00$c1\0$e01-jan-2010$fGBP17.00$g0$hP$5Uk
=ACF  \\$aPrevious copyright fee: GBP16.00$c1\0$e01-jan-2009$fGBP16.00$g0$hP$5Uk
=ACF  \\$aPrevious copyright fee: GBP15.00$c1\0$e01-apr-2008$fGBP15.00$g0$hP$5Uk
=ACF  \\$aPrevious copyright fee: GBP16.00$c1\0$e01-jan-2007$fGBP16.00$g0$hP$5Uk
=ACF  \\$aPrevious copyright fee: GBP13.00$c1\0$e01-jan-2005$fGBP13.00$g0$hP$5Uk
=ACF  \\$aPrevious copyright fee: GBP21.00$c1\0$e01-jan-2011$fGBP21.00$g0$hP$5Uk
=ACF  \\$aPrevious copyright fee: GBP23.00$c1\0$e01-jan-2012$fGBP23.00$g0$hP$5Uk
=ACF  \\$aPrevious copyright fee: GBP23.50$c1\0$e01-jan-2013$fGBP23.50$g0$hP$5Uk
=ACF  \\$aPrevious copyright fee: GBP24.00$c1\0$e01-jan-2014$fGBP24.00$g0$hP$5Uk
=ACF  \\$aPrevious copyright fee: GBP25.00$c1\0$e01-jan-2015$fGBP25.00$g0$hP$5Uk
=ACF  \\$aPrevious copyright fee: GBP26.00$c1\0$e01-jan-2016$fGBP26.00$g0$hP$5Uk
=ACF  \\$aPrevious copyright fee: GBP28.00$c1\0$e01-jan-2017$fGBP28.00$g0$hP$5Uk
=ACF  \\$aPrevious copyright fee: GBP30.00$c1\0$e01-jan-2018$fGBP30.00$g0$hP$5Uk
=ACF  \\$aPrevious copyright fee: GBP32.00$c1\0$e01-jan-2019$fGBP32.00$g0$hP$5Uk
=ACF  \\$aPrevious copyright fee: GBP34.00$c1\0$e01-jan-2020$fGBP34.00$g0$hP$5Uk
=ACF  \\$aPrevious copyright fee: GBP35.00$c1\0$e01-jan-2021$fGBP35.00$g0$hP$5Uk
=CAT  \\$a7332$b40$c20051202$lBLL01$h1033
=CAT  \\$aWR14_140$c20140905$lBLL01$h1810
=CAT  \\$aBATCH-UPD$b00$c20141124$lBLL01$h1742
=CAT  \\$aBLDSS-3PM$b00$c20141130$lBLL01$h1248
=CAT  \\$aIPL-CLA$c20141231$lBLL01$h1653
=CAT  \\$aBATCH-UPD$b00$c20151119$lBLL01$h1520
=CAT  \\$a8464$b40$c20151221$lBLL01$h1321
=CAT  \\$aIPL-CLA$c20151231$lBLL01$h1922
=CAT  \\$a5997$b40$c20160127$lBLL01$h1352
=CAT  \\$a8478$b40$c20160205$lBLL01$h0942
=CAT  \\$aBATCH-UPD$b40$c20160603$lBLL01$h1950
=CAT  \\$aBATCH-UPD$b40$c20161122$lBLL01$h1443
=CAT  \\$aIPL-CLA$c20161230$lBLL01$h2148
=CAT  \\$aBATCH-UPD$b00$c20171121$lBLL01$h1623
=CAT  \\$aW1711-1005$c20171206$lBLL01$h1818
=CAT  \\$aIPL-CLA$c20171231$lBLL01$h1649
=CAT  \\$aBATCH-UPD$b00$c20181217$lBLL01$h1629
=CAT  \\$aIPL-CLA$c20181231$lBLL01$h1543
=CAT  \\$aBATCH-UPD$b00$c20191122$lBLL01$h1842
=CAT  \\$aIPL-CLA$c20191231$lBLL01$h1936
=CAT  \\$aBATCH-UPD$b00$c20201118$lBLL01$h1324
=CAT  \\$aIPL-CLA$c20201231$lBLL01$h1529
=CAT  \\$aBATCH-UPD$b00$c20221121$lBLL01$h1319
=CAT  \\$aIPL-CLA$c20221231$lBLL01$h1446
=CAT  \\$aR2308-1440$c20230824$lBLL01$h0928
=CAT  \\$aIPL-CLA$c20230930$lBLL01$h0807
=CFI  0\$aCurrent copyright fee: GBP37.00$c2\0$e01-oct-2023$fGBP37.00$g0$hP$5Uk
=CFI  2\$aPrevious copyright fee: GBP37.00$c1\0$e01-jan-2023$fGBP37.00$g0$hP$5Uk
=EST  \\$a1
=FFP  \\$aY$bBLDSS-3PM
=FIN  \\$aY$d20051202
=FMT  \\$a  SE
=LAS  \\$aIPL-CLA$b00$c20230930$lBLL01$h0807
=LEO  \\$aMP22.0000063267
=LET  \0$aCitizenship studies (Electronic)
=MNI  \\$a1362-1025
=SID  \\$aZ39$bOCLC
=SRC  \\$aISN01$bbibmp22.200404.2.aa
=TCO  \\$aCLA$bCLA$c008
=TOC  \\$aETOC

