=LDR  04713cas a2201105 a 4500
=001  013351781
=003  Uk
=005  20211231154325.0
=006  m\\\\\\\\d\\\\\\\\
=007  cr\mnu||||||||
=008  020506c19999999enkbx\pss\\\\\0\\\a0eng\d
=015  \\$aGBA602835$2bnb
=022  0\$a1477-2566$y1465-3249
=040  \\$aF#A$cF#A$dOCLCQ$dCOU$dUk
=042  \\$aukblsr
=082  04$a615.5$222
=130  0\$aCytotherapy (Online)
=210  0\$aCytotherapy$b(Lond., Online)
=222  \0$aCytotherapy$b(London. Online)
=245  10$aCytotherapy$h[electronic resource].
=260  \\$a[London] :$bMartin Dunitz Ltd
=260  \\$a[London] :$bInforma Healthcare
=260  3\$aElsevier Ltd$bOxford
=310  \\$aEight issues yearly,$b2007-
=321  \\$aBimonthly,$b1999-2006
=336  \\$atext$2rdacontent
=337  \\$acomputer$2rdamedia
=338  \\$aonline resource$2rdacarrier
=362  1\$aPrint began with vol. 1, no. 1 (1999).
=500  \\$aDescription based on: Vol. 3, no. 1 (Jan. 2001); title from journal information screen (viewed Apr. 29, 2002).
=500  \\$aLatest issue consulted: Vol. 13, no. 2 (Feb. 2011).
=530  \\$aAlso issued in print.
=538  \\$aMode of access: World Wide Web.
=540  \\$aCurrent copyright fee: GBP34.30$c5\1$5Uk
=650  \0$aCell transplantation$vPeriodicals.
=650  \0$aCellular therapy$vPeriodicals.
=650  \0$aCytokines$xTherapeutic use$vPeriodicals.
=650  \0$aGene therapy$vPeriodicals.
=776  1\$tCytotherapy$x1465-3249
=780  05$tCytokines, cellular & molecular therapy$c(Online)$x1471-177X
=852  41$aBritish Library$bDSC$j3506.883500$3Volume 8:Issue 1(2006)-Volume 13:Issue 10(2011)***See ESTAR for full holdings.
=856  \\$31850-9999$uhttp://www.elsevier.com/journals$xBLDSS
=856  40$uhttp://informahealthcare.com/journal/cyt
=945  \\$aCYTOTHERAPY -OXFORD-
=959  \\$fHeld but not currently received
=985  \\$aCONFERENCE ANALYTIC &RECORDS EXIST
=985  \\$aISSN note: responsibility for ISSN transferred to ISSN Centrum Nederland (multinational publisher agreement). 13.11.2014.
=ACF  \\$aPrevious copyright fee: GBP15.00$c2\0$e01-apr-2008$fGBP15.00$g0$hP$5Uk
=ACF  \\$aPrevious copyright fee: GBP16.00$c2\0$e01-jan-2007$fGBP16.00$g0$hP$5Uk
=ACF  \\$aPrevious Copyright Fee: GBP13.00$c2\0$e01-jan-2006$fGBP13.00$g0$hP$5Uk
=ACF  \\$aPrevious Copyright Fee: GBP18.00$c0$e01-oct-2005$fGBP18.00$g0$hC$5Uk
=ACF  \\$aPrevious copyright fee: GBP57.00$c45\0$e09-nov-2009$fGBP57.00$g0$hP$5Uk
=ACF  \\$aCurrent copyright fee: GBP16.00$c2\0$e01-jan-2009$fGBP16.00$g0$hP$5Uk
=ACF  \\$aPrevious copyright fee: GBP22.50$c5\1$e11-oct-2013$fGBP22.50$g0$hP$5Uk
=ACF  \\$aPrevious copyright fee: GBP23.40$c5\1$e01-jan-2018$fGBP23.40$g0$hP$5Uk
=CAT  \\$a6537$b40$c20051202$lBLL01$h1358
=CAT  \\$aBATCH$b00$c20090101$lBLL01$h0229
=CAT  \\$a5552$b40$c20091109$lBLL01$h1406
=CAT  \\$a8323$b40$c20110126$lBLL01$h0946
=CAT  \\$a8323$b40$c20110126$lBLL01$h1000
=CAT  \\$aCDS12-UPD$b40$c20111114$lBLL01$h1923
=CAT  \\$aBATCH-CLA$b00$c20121109$lBLL01$h1728
=CAT  \\$aBATCH-UPD$b00$c20121125$lBLL01$h1435
=CAT  \\$aWR12_168$c20121206$lBLL01$h1816
=CAT  \\$aWR13.005$c20130323$lBLL01$h1332
=CAT  \\$a5552$b40$c20131011$lBLL01$h1403
=CAT  \\$a12654$b40$c20131029$lBLL01$h1435
=CAT  \\$a12654$b40$c20131029$lBLL01$h1436
=CAT  \\$a12654$b40$c20131029$lBLL01$h1437
=CAT  \\$a12654$b40$c20131029$lBLL01$h1440
=CAT  \\$a11315$b40$c20141113$lBLL01$h1535
=CAT  \\$a8342$b40$c20141209$lBLL01$h1025
=CAT  \\$aBLDSS-3PM$b00$c20141222$lBLL01$h1715
=CAT  \\$aBATCH-UPD$b00$c20160524$lBLL01$h2148
=CAT  \\$aBATCH-UPD$b00$c20160524$lBLL01$h2158
=CAT  \\$aBATCH-UPD$b00$c20171121$lBLL01$h1745
=CAT  \\$aIPL-CLA$c20171231$lBLL01$h1649
=CAT  \\$aBATCH-UPD$b00$c20190521$lBLL01$h1437
=CAT  \\$aIPL-CLA$c20190630$lBLL01$h1535
=CAT  \\$aBATCH-UPD$b00$c20211119$lBLL01$h1554
=CAT  \\$aIPL-CLA$c20211231$lBLL01$h1543
=CFI  0\$aCurrent copyright fee: GBP34.30$c5\1$e01-jan-2022$fGBP34.30$g0$hP$5Uk
=CFI  2\$aPrevious copyright fee: GBP32.84$c5\1$e01-jul-2019$fGBP32.84$g0$hP$5Uk
=EST  \\$a1
=FFP  \\$aY$bBLDSS-3PM
=FIN  \\$aY$d20051202
=FMT  \\$a  SE
=LAS  \\$aIPL-CLA$b00$c20211231$lBLL01$h1543
=LEO  \\$aMP22.0000069079
=LKR  \\$aPAR$b012912549$lBLL01$r78005$mCytotherapy (London. Online)$nCytokines, cellular & molecular therapy (Online)
=MNI  \\$a1465-3249
=SID  \\$aZ39$bOCLC
=SRC  \\$aISN01$bbibmp22.200404.2.aa
=TCO  \\$aCLA$bCLA$c008
=TOC  \\$aETOC

