=LDR  05446cas a2201177 a 4500
=001  013352107
=003  Uk
=005  20230930080736.0
=006  m\\\\\\\\d\\\\\\\\
=007  cr\mnu||||||||
=008  990729c19759999enkqx\pss\\\\\0\\\a0eng\d
=015  \\$aGBA602945$2bnb
=022  0\$a1465-3400$y0305-5698
=037  \\$aISSN_03055698$bPortico$nTaylor & Francis
=040  \\$aF#A$beng$cF#A$dEYM$dOCLCQ$dMUQ$dUk
=042  \\$aukblsr
=082  04$a370.5$222
=130  0\$aEducational studies (Online)
=222  \0$aEducational studies$b(Dorchester-on-Thames. Online)
=245  10$aEducational studies$h[electronic resource].
=260  \\$a[Abingdon, Oxfordshire] :$bCarfax International Publishers
=264  31$a[Abingdon] :$bTaylor & Francis
=310  \\$aFive times a year,$b2008-
=321  \\$aQuarterly,$b2000-2007
=321  \\$aThree issues yearly,$b<-1999
=336  \\$atext$2rdacontent
=337  \\$acomputer$2rdamedia
=338  \\$aonline resource$2rdacarrier
=362  1\$aPrint began in 1975.
=500  \\$aDescription based on: Vol. 25, no. 1 (Mar. 1999); title from journal information screen (viewed June 21, 1999).
=538  \\$aMode of access: World Wide Web.
=540  \\$aCurrent copyright fee: GBP37.00$c2\0$5Uk
=588  \\$aLatest issue consulted: volume 41, issue 5 (2015) (Taylor & Francis Online, viewed January 19, 2016).
=650  \0$aEducation$vPeriodicals.
=650  \6$aÉducation$xPériodiques.
=776  08$iAlso issued in print as:$tEducational studies$x0305-5698
=852  41$aBritish Library$bHMNTS$jELD Digital store$3Volume 42:Issue 1(2016)-***Previous issues available in print copy
=852  41$aBritish Library$bDSC$j3662.513000$3Volume 32:Issue 1(2006)-Volume 37:Issue 5(2011)***See ESTAR for full holdings.
=856  \\$31850-9999$uhttp://www.tandfonline.com/$xBLDSS
=856  40$uhttp://www.tandfonline.com/toc/ceds20/current
=859  \\$aELD$bejournal
=945  \\$aEducational studies -Oxford then Abingdon-
=959  \\$fHeld but not currently received
=985  \\$aISSN responsibility taken by United States ISSN Center, October 7 2014.
=ACF  \\$aPrevious copyright fee: GBP17.00$c1\0$e01-jan-2010$fGBP17.00$g0$hP$5Uk
=ACF  \\$aPrevious copyright fee: GBP16.00$c1\0$e01-jan-2009$fGBP16.00$g0$hP$5Uk
=ACF  \\$aPrevious copyright fee: GBP15.00$c1\0$e01-apr-2008$fGBP15.00$g0$hP$5Uk
=ACF  \\$aPrevious copyright fee: GBP16.00$c1\0$e01-jan-2007$fGBP16.00$g0$hP$5Uk
=ACF  \\$aPrevious copyright fee: GBP13.00$c1\0$e01-jan-2005$fGBP13.00$g0$hP$5Uk
=ACF  \\$aPrevious copyright fee: GBP21.00$c1\0$e01-jan-2011$fGBP21.00$g0$hP$5Uk
=ACF  \\$aPrevious copyright fee: GBP23.00$c1\0$e01-jan-2012$fGBP23.00$g0$hP$5Uk
=ACF  \\$aPrevious copyright fee: GBP23.50$c1\0$e01-jan-2013$fGBP23.50$g0$hP$5Uk
=ACF  \\$aPrevious copyright fee: GBP24.00$c1\0$e01-jan-2014$fGBP24.00$g0$hP$5Uk
=ACF  \\$aPrevious copyright fee: GBP25.00$c1\0$e01-jan-2015$fGBP25.00$g0$hP$5Uk
=ACF  \\$aPrevious copyright fee: GBP26.00$c1\0$e01-jan-2016$fGBP26.00$g0$hP$5Uk
=ACF  \\$aPrevious copyright fee: GBP28.00$c1\0$e01-jan-2017$fGBP28.00$g0$hP$5Uk
=ACF  \\$aPrevious copyright fee: GBP30.00$c1\0$e01-jan-2018$fGBP30.00$g0$hP$5Uk
=ACF  \\$aPrevious copyright fee: GBP32.00$c1\0$e01-jan-2019$fGBP32.00$g0$hP$5Uk
=ACF  \\$aPrevious copyright fee: GBP34.00$c1\0$e01-jan-2020$fGBP34.00$g0$hP$5Uk
=ACF  \\$aPrevious copyright fee: GBP35.00$c1\0$e01-jan-2021$fGBP35.00$g0$hP$5Uk
=CAT  \\$a6537$b40$c20051203$lBLL01$h1220
=CAT  \\$a11313$b40$c20141007$lBLL01$h1103
=CAT  \\$aBATCH-UPD$b40$c20141124$lBLL01$h1742
=CAT  \\$aBLDSS-3PM$b00$c20141130$lBLL01$h1248
=CAT  \\$aIPL-CLA$c20141231$lBLL01$h1653
=CAT  \\$aBATCH-UPD$b00$c20151119$lBLL01$h1520
=CAT  \\$aIPL-CLA$c20151231$lBLL01$h1922
=CAT  \\$a8464$b40$c20160111$lBLL01$h1137
=CAT  \\$a11205$b40$c20160119$lBLL01$h1606
=CAT  \\$a8464$b40$c20160204$lBLL01$h0953
=CAT  \\$aBATCH-UPD$b40$c20160803$lBLL01$h2251
=CAT  \\$aBATCH-UPD$b40$c20161122$lBLL01$h1443
=CAT  \\$aIPL-CLA$c20161230$lBLL01$h2149
=CAT  \\$aBATCH-UPD$b00$c20171121$lBLL01$h1623
=CAT  \\$aW1711-1005$c20171206$lBLL01$h1818
=CAT  \\$aIPL-CLA$c20171231$lBLL01$h1649
=CAT  \\$aBATCH-UPD$b00$c20181217$lBLL01$h1629
=CAT  \\$aIPL-CLA$c20181231$lBLL01$h1543
=CAT  \\$aBATCH-UPD$b00$c20191122$lBLL01$h1842
=CAT  \\$aIPL-CLA$c20191231$lBLL01$h1937
=CAT  \\$aBATCH-UPD$b00$c20201118$lBLL01$h1324
=CAT  \\$aIPL-CLA$c20201231$lBLL01$h1529
=CAT  \\$aBATCH-UPD$b00$c20221121$lBLL01$h1319
=CAT  \\$aIPL-CLA$c20221231$lBLL01$h1446
=CAT  \\$aR2308-1440$c20230824$lBLL01$h0928
=CAT  \\$aIPL-CLA$c20230930$lBLL01$h0807
=CFI  0\$aCurrent copyright fee: GBP37.00$c2\0$e01-oct-2023$fGBP37.00$g0$hP$5Uk
=CFI  2\$aPrevious copyright fee: GBP37.00$c1\0$e01-jan-2023$fGBP37.00$g0$hP$5Uk
=EST  \\$a1
=FFP  \\$aY$bBLDSS-3PM
=FIN  \\$aY$d20051203
=FMT  \\$a  SE
=LAS  \\$aIPL-CLA$b00$c20230930$lBLL01$h0807
=LEO  \\$aMP22.0000060160
=LET  \0$aEducational studies (Electronic)
=LKR  \\$aPAR$b007847795$lBLL01$nEducational studies (Print)$mEducational studies (Online)$r776
=MNI  \\$a0305-5698
=SID  \\$aZ39$bOCLC
=SRC  \\$aISN01$bbibmp22.200404.2.aa
=TCO  \\$aCLA$bCLA$c008
=TOC  \\$aETOC

