=LDR  06081cas a2201333 a 4500
=001  013352147
=003  Uk
=005  20221231144647.0
=006  m\\\\\\\\d\\\\\\\\
=007  cr\cn|||||||||
=008  020430c19369999enkqx\pss\\\\\0\\\a0eng\d
=010  \\$a2002238414
=015  \\$aGBA602988$2bnb
=022  0\$a1469-588X
=037  \\$aISSN_00141844$bPortico$nTaylor & Francis
=040  \\$aIUL$beng$cIUL$dOCLCQ$dGUA$dF#A$dOCLCQ$dUk
=041  0\$aeng$afre$ager$aswe
=042  \\$aukblsr
=082  04$a305.8$222
=130  0\$aEthnos (Online)
=210  0\$aEthnos$b(Lond., Online)
=222  \0$aEthnos$b(London. Online)
=245  10$aEthnos$h[electronic resource].
=260  \\$a[London] :$bRoutledge Journals on behalf of the National Museum of Ethnography,$c[1936]-
=310  \\$aFive times a year,$b2014-
=321  \\$aQuarterly,$b2003-2013
=321  \\$aThree issues yearly,$b1998-2002
=321  \\$aQuarterly,$b1939-1997
=321  \\$aBimonthly,$b1936-1938
=336  \\$atext$2rdacontent
=337  \\$acomputer$2rdamedia
=338  \\$aonline resource$2rdacarrier
=362  1\$aPrint began in 1936.
=500  \\$aSome issues have also have distinctive theme titles.
=500  \\$aJournal of anthropology.
=500  \\$aDescription based on: Vol. 65, no. 1 (Mar. 2000); title from introductory page, viewed Apr. 30, 2002.
=500  \\$aLatest issue consulted: volume 81, issue 1 (2016) (Taylor & Francis Online, viewed January 27, 2016).
=515  \\$aSome no. combined.
=525  \\$aSupplements accompany some vols.
=538  \\$aMode of access: World Wide Web.
=540  \\$aCurrent copyright fee: GBP37.00$c2\0$5Uk
=546  \\$aArticles in English, French, German or Swedish.
=550  \\$aIssued: 1936- by Ethnographical Museum of Stockholm; <-1988> by Museum of the Peoples; <1989-> Ethnographical Museum of Sweden.
=555  \\$aVols. 1-10, 1936-1945, in v. 10; vols. 11-20, 1946-1955, in v. 20; vols. 21-30, in v. 30.
=650  \0$aEthnology$vPeriodicals.
=650  \0$aArchaeology$vPeriodicals.
=690  7\$aSocial Welfare$2blcoll
=710  2\$aEthnografiska museet (Stockholm, Sweden)
=710  2\$aStatens etnografiska museum (Sweden)
=776  08$iAlso issued in print as:$tEthnos$x0014-1844
=852  41$aBritish Library$bHMNTS$jELD Digital store$3Volume 81:Issue 2(2016)-***Previous issues available in print copy
=852  41$aBritish Library$bDSC$j3815.200000$3Volume 71:Issue 1(2006)-Volume 76:Issue 4(2011)***See ESTAR for full holdings.
=856  \\$31850-9999$uhttp://www.tandfonline.com/$xBLDSS
=856  40$uhttp://www.tandfonline.com/toc/retn20/current
=859  \\$aELD$bejournal
=945  \\$aEthnos -Stockholm then London-
=959  \\$fHeld but not currently received
=985  \\$aISSN UK Centre note: responsibility transferred to US Center under multinational publisher agreement 2.9.15.
=ACF  \\$aPrevious copyright fee: GBP17.00$c2\0$e01-jan-2010$fGBP17.00$g0$hP$5Uk
=ACF  \\$aPrevious copyright fee: GBP16.00$c2\0$e01-jan-2009$fGBP16.00$g0$hP$5Uk
=ACF  \\$aPrevious copyright fee: GBP15.00$c2\0$e01-apr-2008$fGBP15.00$g0$hP$5Uk
=ACF  \\$aPrevious copyright fee: GBP16.00$c2\0$e01-jan-2007$fGBP16.00$g0$hP$5Uk
=ACF  \\$aPrevious copyright fee: GBP13.00$c2\0$e01-jan-2005$fGBP13.00$g0$hP$5Uk
=ACF  \\$aPrevious copyright fee: GBP21.00$c2\0$e01-jan-2011$fGBP21.00$g0$hP$5Uk
=ACF  \\$aPrevious copyright fee: GBP23.00$c2\0$e01-jan-2012$fGBP23.00$g0$hP$5Uk
=ACF  \\$aPrevious copyright fee: GBP23.50$c2\0$e01-jan-2013$fGBP23.50$g0$hP$5Uk
=ACF  \\$aPrevious copyright fee: GBP24.00$c2\0$e01-jan-2014$fGBP24.00$g0$hP$5Uk
=ACF  \\$aPrevious copyright fee: GBP25.00$c2\0$e01-jan-2015$fGBP25.00$g0$hP$5Uk
=ACF  \\$aPrevious copyright fee: GBP26.00$c2\0$e01-jan-2016$fGBP26.00$g0$hP$5Uk
=ACF  \\$aPrevious copyright fee: GBP28.00$c2\0$e01-jan-2017$fGBP28.00$g0$hP$5Uk
=ACF  \\$aPrevious copyright fee: GBP30.00$c2\0$e01-jan-2018$fGBP30.00$g0$hP$5Uk
=ACF  \\$aPrevious copyright fee: GBP32.00$c2\0$e01-jan-2019$fGBP32.00$g0$hP$5Uk
=ACF  \\$aPrevious copyright fee: GBP34.00$c2\0$e01-jan-2020$fGBP34.00$g0$hP$5Uk
=CAT  \\$a11187$b40$c20051203$lBLL01$h1651
=CAT  \\$aBLDSS-3PM$b00$c20141130$lBLL01$h1248
=CAT  \\$aIPL-CLA$c20141231$lBLL01$h1653
=CAT  \\$a10973$b40$c20150902$lBLL01$h1421
=CAT  \\$a10973$b40$c20150902$lBLL01$h1543
=CAT  \\$aBATCH-UPD$b40$c20151119$lBLL01$h1543
=CAT  \\$aIPL-CLA$c20151231$lBLL01$h1922
=CAT  \\$a8464$b40$c20160114$lBLL01$h1207
=CAT  \\$a11205$b40$c20160127$lBLL01$h1226
=CAT  \\$a11205$b40$c20160127$lBLL01$h1230
=CAT  \\$a8464$b40$c20160204$lBLL01$h1330
=CAT  \\$a8464$b40$c20160204$lBLL01$h1331
=CAT  \\$aBATCH-UPD$b40$c20160620$lBLL01$h0201
=CAT  \\$aBATCH-UPD$b40$c20161122$lBLL01$h1512
=CAT  \\$aIPL-CLA$c20161230$lBLL01$h2149
=CAT  \\$aBATCH-UPD$b00$c20171121$lBLL01$h1647
=CAT  \\$aW1711-1005$c20171206$lBLL01$h1818
=CAT  \\$aIPL-CLA$c20171231$lBLL01$h1649
=CAT  \\$aBATCH-UPD$b00$c20181217$lBLL01$h1638
=CAT  \\$aIPL-CLA$c20181231$lBLL01$h1543
=CAT  \\$aBATCH-UPD$b00$c20191122$lBLL01$h1900
=CAT  \\$aIPL-CLA$c20191231$lBLL01$h1937
=CAT  \\$aBATCH-UPD$b00$c20201118$lBLL01$h1334
=CAT  \\$aIPL-CLA$c20201231$lBLL01$h1529
=CAT  \\$aBATCH-UPD$b00$c20221121$lBLL01$h1347
=CAT  \\$aIPL-CLA$c20221231$lBLL01$h1446
=CFI  0\$aCurrent copyright fee: GBP37.00$c2\0$e01-jan-2023$fGBP37.00$g0$hP$5Uk
=CFI  2\$aPrevious copyright fee: GBP35.00$c2\0$e01-jan-2021$fGBP35.00$g0$hP$5Uk
=EST  \\$a1
=FFP  \\$aY$bBLDSS-3PM
=FIN  \\$aY$d20051203
=FMT  \\$a  SE
=LAS  \\$aIPL-CLA$b00$c20221231$lBLL01$h1446
=LEO  \\$aMP22.0000063465
=LET  \0$aEthnos (Electronic)
=LKR  \\$aPAR$b007856735$lBLL01$nEthnos (Print)$mEthnos (Online)$r776
=MNI  \\$a0014-1844
=SID  \\$aZ39$bOCLC
=SRC  \\$aISN01$bbibmp22.200404.2.aa
=TCO  \\$aCLA$bCLA$c008
=TOC  \\$aETOC

