=LDR  06468cas a2201309 a 4500
=001  013352333
=003  Uk
=005  20221231144648.0
=006  m\\\\\\\\d\\\\\\\\
=007  cr|mnu||||||||
=008  990519c19969999enkbr\pss\\\\\0\\\a0eng\d
=015  \\$aGBA603037$2bnb
=022  0\$a1464-0643$y1359-432X
=037  \\$aISSN_1359432X$bPortico$nTaylor & Francis
=040  \\$aF#A$beng$cF#A$dOCLCQ$dOCL$dCOU$dUk
=042  \\$aukblsr
=043  \\$ae------
=082  04$a158.7$222
=130  0\$aEuropean journal of work and organizational psychology (Online)
=210  0\$aEur. j. work organ. psychol.$b(Online)
=222  \0$aEuropean journal of work and organizational psychology$b(Online)
=245  10$aEuropean journal of work and organizational psychology$h[electronic resource].
=246  13$aEuropean journal of work & organizational psychology
=260  \\$aHove :$bPsychology Press,$c[1996]-
=260  3\$a[London] :$bTaylor & Francis
=310  \\$aBimonthly,$b2010-
=321  \\$aQuarterly,$b-2009
=336  \\$atext$2rdacontent
=337  \\$acomputer$2rdamedia
=338  \\$aonline resource$2rdacarrier
=362  1\$aPrint began with vol. 5, no. 1 (Mar. 1996).
=500  \\$aDescription based on: Vol. 6, no. 1 (1997); title from journal information screen (viewed May 17, 1999).
=538  \\$aMode of access: World Wide Web.
=540  \\$aCurrent copyright fee: GBP37.00$c2\0$5Uk
=550  \\$a"The official journal of the European Association of Work and Organizational Psychology."
=580  \\$aIncludes issues of earlier title: European journal of work and organizational psychology.
=588  \\$aLatest issue consulted: volume 25, issue 2 (2016) (Taylor & Francis Online, viewed March 11, 2016).
=650  \0$aPsychology, Industrial$vPeriodicals.
=650  \0$aOrganizational behavior$vPeriodicals.
=650  \0$aPersonnel management$zEurope$vPeriodicals.
=650  \0$aWork$xPsychological aspects$vPeriodicals.
=650  \2$aPsychology, Industrial$vPeriodicals.
=650  \2$aWork$xpsychology$vPeriodicals.
=690  7\$aManagement and Business Studies$2blcoll
=710  2\$aEuropean Association of Work and Organizational Psychology.
=710  2\$aInternational Association of Applied Psychology.
=776  08$iAlso issued in print as:$tEuropean journal of work and organizational psychology$x1359-432X
=780  10$tEuropean journal of work and organizational psychology (Online)
=852  41$aBritish Library$bDSC$j3829.747370$3Volume 15:Issue 1(2006)-Volume 20:Issue 6(2011)***See ESTAR for full holdings.
=852  41$aBritish Library$bHMNTS$jELD Digital store$3Volume 25:Issue 3(2016)-***Previous issues available in print copy
=856  \\$31850-9999$uhttp://www.tandfonline.com/$xBLDSS
=856  40$uhttp://www.tandfonline.com/toc/pewo20/current
=859  \\$aELD$bejournal
=945  \\$aEUROPEAN JOURNAL OF WORK AND ORGANIZATIONAL PSYCHOLOGY.
=959  \\$fHeld but not currently received
=985  \\$aISSN note: responsibility for ISSN transferred from ISSN UK Centre to US ISSN Centre under multinational publisher agreement. 13.03.14.
=ACF  \\$aPrevious copyright fee: GBP17.00$c2\0$e01-jan-2010$fGBP17.00$g0$hP$5Uk
=ACF  \\$aPrevious copyright fee: GBP16.00$c2\0$e01-jan-2009$fGBP16.00$g0$hP$5Uk
=ACF  \\$aPrevious copyright fee: GBP15.00$c2\0$e01-apr-2008$fGBP15.00$g0$hP$5Uk
=ACF  \\$aPrevious copyright fee: GBP16.00$c2\0$e01-jan-2007$fGBP16.00$g0$hP$5Uk
=ACF  \\$aPrevious copyright fee: GBP13.00$c2\0$e01-jan-2005$fGBP13.00$g0$hP$5Uk
=ACF  \\$aPrevious copyright fee: GBP21.00$c2\0$e01-jan-2011$fGBP21.00$g0$hP$5Uk
=ACF  \\$aPrevious copyright fee: GBP23.00$c2\0$e01-jan-2012$fGBP23.00$g0$hP$5Uk
=ACF  \\$aPrevious copyright fee: GBP23.50$c2\0$e01-jan-2013$fGBP23.50$g0$hP$5Uk
=ACF  \\$aPrevious copyright fee: GBP24.00$c2\0$e01-jan-2014$fGBP24.00$g0$hP$5Uk
=ACF  \\$aPrevious copyright fee: GBP25.00$c2\0$e01-jan-2015$fGBP25.00$g0$hP$5Uk
=ACF  \\$aPrevious copyright fee: GBP26.00$c2\0$e01-jan-2016$fGBP26.00$g0$hP$5Uk
=ACF  \\$aPrevious copyright fee: GBP28.00$c2\0$e01-jan-2017$fGBP28.00$g0$hP$5Uk
=ACF  \\$aPrevious copyright fee: GBP30.00$c2\0$e01-jan-2018$fGBP30.00$g0$hP$5Uk
=ACF  \\$aPrevious copyright fee: GBP32.00$c2\0$e01-jan-2019$fGBP32.00$g0$hP$5Uk
=ACF  \\$aPrevious copyright fee: GBP34.00$c2\0$e01-jan-2020$fGBP34.00$g0$hP$5Uk
=CAT  \\$a11281$b40$c20051205$lBLL01$h1106
=CAT  \\$a11315$b40$c20140313$lBLL01$h0852
=CAT  \\$aBATCH-UPD$b40$c20141124$lBLL01$h1802
=CAT  \\$aBLDSS-3PM$b00$c20141130$lBLL01$h1248
=CAT  \\$aIPL-CLA$c20141231$lBLL01$h1653
=CAT  \\$aBATCH-UPD$b00$c20151119$lBLL01$h1543
=CAT  \\$aIPL-CLA$c20151231$lBLL01$h1922
=CAT  \\$a8464$b40$c20160121$lBLL01$h0858
=CAT  \\$a8464$b40$c20160204$lBLL01$h1411
=CAT  \\$a8464$b40$c20160204$lBLL01$h1414
=CAT  \\$a11205$b40$c20160311$lBLL01$h1352
=CAT  \\$a11205$b40$c20160311$lBLL01$h1356
=CAT  \\$aBATCH-UPD$b40$c20160726$lBLL01$h0925
=CAT  \\$aBATCH-UPD$b40$c20161122$lBLL01$h1512
=CAT  \\$aIPL-CLA$c20161230$lBLL01$h2149
=CAT  \\$aBATCH-UPD$b00$c20171121$lBLL01$h1647
=CAT  \\$aW1711-1005$c20171206$lBLL01$h1818
=CAT  \\$aIPL-CLA$c20171231$lBLL01$h1649
=CAT  \\$aBATCH-UPD$b00$c20181217$lBLL01$h1638
=CAT  \\$aIPL-CLA$c20181231$lBLL01$h1543
=CAT  \\$aBATCH-UPD$b00$c20191122$lBLL01$h1900
=CAT  \\$aIPL-CLA$c20191231$lBLL01$h1937
=CAT  \\$aBATCH-UPD$b00$c20201118$lBLL01$h1334
=CAT  \\$aIPL-CLA$c20201231$lBLL01$h1529
=CAT  \\$aBATCH-UPD$b00$c20221121$lBLL01$h1347
=CAT  \\$aIPL-CLA$c20221231$lBLL01$h1446
=CFI  0\$aCurrent copyright fee: GBP37.00$c2\0$e01-jan-2023$fGBP37.00$g0$hP$5Uk
=CFI  2\$aPrevious copyright fee: GBP35.00$c2\0$e01-jan-2021$fGBP35.00$g0$hP$5Uk
=EST  \\$a1
=FFP  \\$aY$bBLDSS-3PM
=FIN  \\$aY$d20051205
=FMT  \\$a  SE
=LAS  \\$aIPL-CLA$b00$c20221231$lBLL01$h1446
=LEO  \\$aMP22.0000059188
=LET  \0$aEuropean journal of work and organizational psychology (Electronic)
=LKR  \\$aPAR$b007244800$lBLL01$nEuropean journal of work and organizational psychology (Print)$mEuropean journal of work and organizational psychology (Online)$r776
=MNI  \\$a1359-432X
=SID  \\$aZ39$bOCLC
=SRC  \\$aISN01$bbibmp22.200404.2.aa
=TCO  \\$aCLA$bCLA$c008
=TOC  \\$aETOC

