=LDR  05862cas a2201261 a 4500
=001  013352354
=003  Uk
=005  20230930080740.0
=006  m\\\\\\\\d\\\\\\\\
=007  cr\mnu||||||||
=008  000914c19939999enkmr\pss\\\\\0\\\a0eng\d
=015  \\$aGBA603043$2bnb
=022  0\$a1469-5944$y0965-4313
=037  \\$aISSN_09654313$bPortico$nTaylor & Francis
=040  \\$aF#A$beng$cF#A$dOCLCQ$dUk
=042  \\$aukblsr
=043  \\$ae------
=082  04$a307.76094$222
=130  0\$aEuropean planning studies (Online)
=210  0\$aEur. plan. stud.$b(Online)
=222  \0$aEuropean planning studies$b(Online)
=245  10$aEuropean planning studies$h[electronic resource].
=260  \\$a[Abingdon, Oxfordshire] :$bCarfax International Publishers,$c[1993]-
=260  3\$a[Abingdon] :$bTaylor & Francis
=310  \\$aMonthly,$b2009-
=321  \\$aTen times a year,$b2006-2008
=321  \\$aEight times a year,$b2001-2005
=321  \\$aSix times a year,$b1996-2000
=321  \\$aQuarterly,$b1993-1995
=336  \\$atext$2rdacontent
=337  \\$acomputer$2rdamedia
=338  \\$aonline resource$2rdacarrier
=362  1\$aPrint began with vol. 1, no. 1, published in 1993.
=500  \\$aDescription based on: Vol. 8, no. 2 (Apr. 2000); title from journal information screen (viewed Aug. 30, 2000).
=538  \\$aMode of access: World Wide Web.
=540  \\$aCurrent copyright fee: GBP37.00$c2\0$5Uk
=550  \\$aPublished in cooperation with the Association of European Schools of Planning.
=588  \\$aLatest issue consulted: volume 24, issue 4 (2016) (Taylor & Francis Online, viewed March 10, 2016).
=650  \0$aRegional planning$zEurope$vPeriodicals.
=650  \0$aRegional planning$vPeriodicals.
=690  7\$aSocial Welfare$2blcoll
=710  2\$aAssociation of European Schools of Planning.
=776  08$iAlso issued in print as:$tEuropean planning studies$x0965-4313
=852  41$aBritish Library$bHMNTS$jELD Digital store$3Volume 24:Issue 1(2016)-***Previous issues available in print copy
=852  41$aBritish Library$bDSC$j3829.780000$3Volume 14:Issue 1(2006)-Volume 19:Issue 12(2011)***See ESTAR for full holdings.
=856  \\$31850-9999$uhttp://www.tandfonline.com/$xBLDSS
=856  40$uhttp://www.tandfonline.com/toc/ceps20/current
=859  \\$aELD$bejournal
=945  \\$aEUROPEAN PLANNING STUDIES.
=959  \\$fHeld but not currently received
=985  \\$aISSN responsibility taken by US ISSN Center (multinational publisher), August 21 2013.
=ACF  \\$aPrevious copyright fee: GBP17.00$c1\0$e01-jan-2010$fGBP17.00$g0$hP$5Uk
=ACF  \\$aPrevious copyright fee: GBP16.00$c1\0$e01-jan-2009$fGBP16.00$g0$hP$5Uk
=ACF  \\$aPrevious copyright fee: GBP15.00$c1\0$e01-apr-2008$fGBP15.00$g0$hP$5Uk
=ACF  \\$aPrevious copyright fee: GBP16.00$c1\0$e01-jan-2007$fGBP16.00$g0$hP$5Uk
=ACF  \\$aPrevious copyright fee: GBP13.00$c1\0$e01-jan-2005$fGBP13.00$g0$hP$5Uk
=ACF  \\$aPrevious copyright fee: GBP21.00$c1\0$e01-jan-2011$fGBP21.00$g0$hP$5Uk
=ACF  \\$aPrevious copyright fee: GBP23.00$c1\0$e01-jan-2012$fGBP23.00$g0$hP$5Uk
=ACF  \\$aPrevious copyright fee: GBP23.50$c1\0$e01-jan-2013$fGBP23.50$g0$hP$5Uk
=ACF  \\$aPrevious copyright fee: GBP24.00$c1\0$e01-jan-2014$fGBP24.00$g0$hP$5Uk
=ACF  \\$aPrevious copyright fee: GBP25.00$c1\0$e01-jan-2015$fGBP25.00$g0$hP$5Uk
=ACF  \\$aPrevious copyright fee: GBP26.00$c1\0$e01-jan-2016$fGBP26.00$g0$hP$5Uk
=ACF  \\$aPrevious copyright fee: GBP28.00$c1\0$e01-jan-2017$fGBP28.00$g0$hP$5Uk
=ACF  \\$aPrevious copyright fee: GBP30.00$c1\0$e01-jan-2018$fGBP30.00$g0$hP$5Uk
=ACF  \\$aPrevious copyright fee: GBP32.00$c1\0$e01-jan-2019$fGBP32.00$g0$hP$5Uk
=ACF  \\$aPrevious copyright fee: GBP34.00$c1\0$e01-jan-2020$fGBP34.00$g0$hP$5Uk
=ACF  \\$aPrevious copyright fee: GBP35.00$c1\0$e01-jan-2021$fGBP35.00$g0$hP$5Uk
=CAT  \\$a11281$b40$c20051205$lBLL01$h1120
=CAT  \\$aBATCH-UPD$b00$c20141124$lBLL01$h1742
=CAT  \\$aBLDSS-3PM$b00$c20141130$lBLL01$h1248
=CAT  \\$aIPL-CLA$c20141231$lBLL01$h1653
=CAT  \\$aBATCH-UPD$b00$c20151119$lBLL01$h1520
=CAT  \\$aIPL-CLA$c20151231$lBLL01$h1922
=CAT  \\$a8464$b40$c20160121$lBLL01$h0928
=CAT  \\$a8464$b40$c20160204$lBLL01$h1414
=CAT  \\$a11205$b40$c20160310$lBLL01$h1614
=CAT  \\$a11205$b40$c20160310$lBLL01$h1615
=CAT  \\$aBATCH-UPD$b40$c20160717$lBLL01$h2301
=CAT  \\$aBATCH-UPD$b40$c20161122$lBLL01$h1443
=CAT  \\$aIPL-CLA$c20161230$lBLL01$h2149
=CAT  \\$aBATCH-UPD$b00$c20171121$lBLL01$h1623
=CAT  \\$aW1711-1005$c20171206$lBLL01$h1818
=CAT  \\$aIPL-CLA$c20171231$lBLL01$h1649
=CAT  \\$aBATCH-UPD$b00$c20181217$lBLL01$h1629
=CAT  \\$aIPL-CLA$c20181231$lBLL01$h1543
=CAT  \\$aBATCH-UPD$b00$c20191122$lBLL01$h1842
=CAT  \\$aIPL-CLA$c20191231$lBLL01$h1937
=CAT  \\$aBATCH-UPD$b00$c20201118$lBLL01$h1324
=CAT  \\$aIPL-CLA$c20201231$lBLL01$h1529
=CAT  \\$aBATCH-UPD$b00$c20221121$lBLL01$h1319
=CAT  \\$aIPL-CLA$c20221231$lBLL01$h1446
=CAT  \\$aR2308-1440$c20230824$lBLL01$h0928
=CAT  \\$aIPL-CLA$c20230930$lBLL01$h0807
=CFI  0\$aCurrent copyright fee: GBP37.00$c2\0$e01-oct-2023$fGBP37.00$g0$hP$5Uk
=CFI  2\$aPrevious copyright fee: GBP37.00$c1\0$e01-jan-2023$fGBP37.00$g0$hP$5Uk
=EST  \\$a1
=FFP  \\$aY$bBLDSS-3PM
=FIN  \\$aY$d20051205
=FMT  \\$a  SE
=LAS  \\$aIPL-CLA$b00$c20230930$lBLL01$h0807
=LEO  \\$aMP22.0000063471
=LET  \0$aEuropean planning studies (Electronic)
=LKR  \\$aPAR$b008416408$lBLL01$nEuropean planning studies (Print)$mEuropean planning studies (Online)$r776
=MNI  \\$a0965-4313
=SID  \\$aZ39$bOCLC
=SRC  \\$aISN01$bbibmp22.200404.2.aa
=TCO  \\$aCLA$bCLA$c008
=TOC  \\$aETOC

