=LDR  05523cas a2201177 a 4500
=001  013352419
=003  Uk
=005  20221231144648.0
=006  m\\\\\\\\d\\\\\\\\
=007  cr\|||||||||||
=008  021016c19969999enkqr\\ss\\\\\0\\\a0eng\d
=015  \\$aGBA603056$2bnb
=022  0\$a1743-7997
=037  \\$aISSN_13619462$bPortico$nTaylor & Francis
=040  \\$aHUA$cHUA$dOCLCQ$dNSD$dCGU$dOCL$dUk
=042  \\$aukblsr
=043  \\$ae-uk---
=050  00$aDA592$b.C62
=082  04$a941.085$222
=130  0\$aContemporary British history (Online)
=222  \0$aContemporary British history$b(Online)
=245  10$aContemporary British history$h[electronic resource].
=260  \\$aLondon :$bFrank Cass
=264  31$aAbingdon :$bTaylor & Francis
=310  \\$aQuarterly
=336  \\$atext$2rdacontent
=337  \\$acomputer$2rdamedia
=338  \\$aonline resource$2rdacarrier
=362  1\$aPrint began with: Vol. 10, no. 1 (spring 1996).
=500  \\$aDescription based on: Vol. 15, no. 1 (spring 2001); title from journal information screen (viewed Oct. 9, 2002).
=538  \\$aMode of access: World Wide Web.
=540  \\$aCurrent copyright fee: GBP37.00$c2\0$5Uk
=550  \\$aIssued by: Institute of Contemporary British History.
=580  \\$aIncludes issues of earlier title: Contemporary record.
=588  \\$aLates issue consulted: volume 30, issue 1 (2016) (Taylor & Francis Online, viewed March 16, 2016).
=651  \0$aGreat Britain$xHistory$yElizabeth II, 1952-$vPeriodicals.
=651  \0$aGreat Britain$xHistory$y20th century$vPeriodicals.
=710  2\$aInstitute of Contemporary British History.
=776  08$iAlso issued in print as:$tContemporary British history$x1361-9462
=780  00$tContemporary record
=852  41$aBritish Library$bHMNTS$jELD Digital store$3Volume 30:Issue 2(2016)-***Previous issues available in print copy
=852  41$aBritish Library$bDSC$j3425.175950$3Volume 20:Issue 1(2006)-Volume 25:Issue 4(2011)***See ESTAR for full holdings.
=856  \\$31850-9999$uhttp://www.tandfonline.com/$xBLDSS
=856  4\$uhttp://www.ingenta.com/isis/browsing/AllIssues/ingenta;jsessionid=47ed8t3n14knr.circus?journal=pubinfobike://fcp/cbh&startyear=2003
=856  40$uhttp://www.tandfonline.com/toc/fcbh20/current
=859  \\$aELD$bejournal
=945  \\$aContemporary British history.
=959  \\$fHeld but not currently received
=985  \\$aISSN responsibility taken by US ISSN Center (multinational publisher), September 20 2013.
=ACF  \\$aPrevious copyright fee: GBP17.00$c2\0$e01-jan-2010$fGBP17.00$g0$hP$5Uk
=ACF  \\$aPrevious copyright fee: GBP16.00$c2\0$e01-jan-2009$fGBP16.00$g0$hP$5Uk
=ACF  \\$aPrevious copyright fee: GBP15.00$c2\0$e01-apr-2008$fGBP15.00$g0$hP$5Uk
=ACF  \\$aPrevious copyright fee: GBP16.00$c2\0$e01-jan-2007$fGBP16.00$g0$hP$5Uk
=ACF  \\$aPrevious copyright fee: GBP13.00$c2\0$e01-jan-2005$fGBP13.00$g0$hP$5Uk
=ACF  \\$aPrevious copyright fee: GBP21.00$c2\0$e01-jan-2011$fGBP21.00$g0$hP$5Uk
=ACF  \\$aPrevious copyright fee: GBP23.00$c2\0$e01-jan-2012$fGBP23.00$g0$hP$5Uk
=ACF  \\$aPrevious copyright fee: GBP23.50$c2\0$e01-jan-2013$fGBP23.50$g0$hP$5Uk
=ACF  \\$aPrevious copyright fee: GBP24.00$c2\0$e01-jan-2014$fGBP24.00$g0$hP$5Uk
=ACF  \\$aPrevious copyright fee: GBP25.00$c2\0$e01-jan-2015$fGBP25.00$g0$hP$5Uk
=ACF  \\$aPrevious copyright fee: GBP26.00$c2\0$e01-jan-2016$fGBP26.00$g0$hP$5Uk
=ACF  \\$aPrevious copyright fee: GBP28.00$c2\0$e01-jan-2017$fGBP28.00$g0$hP$5Uk
=ACF  \\$aPrevious copyright fee: GBP30.00$c2\0$e01-jan-2018$fGBP30.00$g0$hP$5Uk
=ACF  \\$aPrevious copyright fee: GBP32.00$c2\0$e01-jan-2019$fGBP32.00$g0$hP$5Uk
=ACF  \\$aPrevious copyright fee: GBP34.00$c2\0$e01-jan-2020$fGBP34.00$g0$hP$5Uk
=CAT  \\$a3072$b40$c20051205$lBLL01$h1149
=CAT  \\$aBATCH-UPD$b40$c20131119$lBLL01$h2000
=CAT  \\$aIPL-CLA$c20131231$lBLL01$h2357
=CAT  \\$aWR14_140$c20140905$lBLL01$h1810
=CAT  \\$aBATCH-UPD$b00$c20141124$lBLL01$h1802
=CAT  \\$aBLDSS-3PM$b00$c20141130$lBLL01$h1248
=CAT  \\$aIPL-CLA$c20141231$lBLL01$h1653
=CAT  \\$aBATCH-UPD$b00$c20151119$lBLL01$h1543
=CAT  \\$a8464$b40$c20151229$lBLL01$h1125
=CAT  \\$aIPL-CLA$c20151231$lBLL01$h1922
=CAT  \\$a8478$b40$c20160205$lBLL01$h1205
=CAT  \\$a5997$b40$c20160316$lBLL01$h1354
=CAT  \\$aBATCH-UPD$b40$c20160726$lBLL01$h0926
=CAT  \\$aBATCH-UPD$b40$c20161122$lBLL01$h1512
=CAT  \\$aIPL-CLA$c20161230$lBLL01$h2149
=CAT  \\$aBATCH-UPD$b00$c20171121$lBLL01$h1647
=CAT  \\$aW1711-1005$c20171206$lBLL01$h1818
=CAT  \\$aIPL-CLA$c20171231$lBLL01$h1649
=CAT  \\$aBATCH-UPD$b00$c20181217$lBLL01$h1638
=CAT  \\$aIPL-CLA$c20181231$lBLL01$h1543
=CAT  \\$aBATCH-UPD$b00$c20191122$lBLL01$h1900
=CAT  \\$aIPL-CLA$c20191231$lBLL01$h1937
=CAT  \\$aBATCH-UPD$b00$c20201118$lBLL01$h1334
=CAT  \\$aIPL-CLA$c20201231$lBLL01$h1529
=CAT  \\$aBATCH-UPD$b00$c20221121$lBLL01$h1347
=CAT  \\$aIPL-CLA$c20221231$lBLL01$h1446
=CFI  0\$aCurrent copyright fee: GBP37.00$c2\0$e01-jan-2023$fGBP37.00$g0$hP$5Uk
=CFI  2\$aPrevious copyright fee: GBP35.00$c2\0$e01-jan-2021$fGBP35.00$g0$hP$5Uk
=EST  \\$a1
=FFP  \\$aY$bBLDSS-3PM
=FIN  \\$aY$d20051205
=FMT  \\$a  SE
=LAS  \\$aIPL-CLA$b00$c20221231$lBLL01$h1446
=MNI  \\$a1361-9462
=SID  \\$aZ39$bOCLC
=TCO  \\$aCLA$bCLA$c008
=TOC  \\$aETOC

