=LDR  05790cas a2201261 a 4500
=001  013352807
=003  Uk
=005  20230930080742.0
=006  m\\\\\\\\d\\\\\\\\
=007  cr\mnu||||||||
=008  000221c19969999enkbr\pss\\\\\0\\\a0eng\d
=015  \\$aGBA603163$2bnb
=022  0\$a1465-3419$y1355-7858
=037  \\$aISSN_13557858$bPortico$nTaylor & Francis
=040  \\$aF#A$beng$cF#A$dEYM$dOCLCQ$dVAM$dUk
=042  \\$aukblsr
=082  04$a362.1089$222
=130  0\$aEthnicity & health (Online)
=210  0\$aEthn. health$b(Online)
=222  \0$aEthnicity & health$b(Online)
=245  10$aEthnicity & health$h[electronic resource].
=246  3\$aEthnicity and health
=260  \\$a[Abingdon, Oxfordshire] :$bCarfax International Publishers,$cc1999-
=264  31$aAbingdon :$bTaylor & Francis
=310  \\$aBimonthly,$b2009-
=321  \\$aQuarterly
=336  \\$atext$2rdacontent
=337  \\$acomputer$2rdamedia
=338  \\$aonline resource$2rdacarrier
=362  1\$aPrint began with vol. 1, no. 1 (Mar. 1996).
=500  \\$aDescription based on: Vol. 1/2 (May 1999); title from journal information screen (viewed Feb. 21, 2000).
=538  \\$aMode of access: World Wide Web.
=540  \\$aCurrent copyright fee: GBP46.00$c2\0$5Uk
=588  \\$aLatest issue consulted: volume 21, issue 2 (2016) (Taylor & Francis Online, viewed January 27, 2016).
=650  \0$aEthnic groups$xHealth and hygiene$vPeriodicals.
=650  \0$aEthnic groups$xMedical care$vPeriodicals.
=650  \0$aMedical care$xCross-cultural studies$vPeriodicals.
=650  \2$aEthnic Groups$vperiodicals.
=650  \2$aDelivery of Health Care$vperiodicals.
=650  \2$aSocial Sciences$vperiodicals.
=690  7\$aSocial Welfare$2blcoll
=776  08$iAlso issued in print as:$tEthnicity & health$x1355-7858
=852  41$aBritish Library$bSTI$jELD Digital store$3Volume 21:Issue 3(2016)-***Previous issues available in print copy
=852  41$aBritish Library$bDSC$j3814.840700$3Volume 11:Issue 1(2006)-Volume 16:Issue 6(2011)***See ESTAR for full holdings.
=856  \\$31850-9999$uhttp://www.tandfonline.com/$xBLDSS
=856  40$uhttp://www.tandfonline.com/toc/ceth20/current
=859  \\$aELD$bejournal
=945  \\$aEthnicity and health
=959  \\$fHeld but not currently received
=985  \\$aISSN responsibility taken by US ISSN Center, 11.09.2014.
=ACF  \\$aPrevious copyright fee: GBP17.00$c1\0$e01-jan-2010$fGBP17.00$g0$hP$5Uk
=ACF  \\$aPrevious copyright fee: GBP16.00$c1\0$e01-jan-2009$fGBP16.00$g0$hP$5Uk
=ACF  \\$aPrevious copyright fee: GBP15.00$c1\0$e01-apr-2008$fGBP15.00$g0$hP$5Uk
=ACF  \\$aPrevious copyright fee: GBP16.00$c1\0$e01-jan-2007$fGBP16.00$g0$hP$5Uk
=ACF  \\$aPrevious copyright fee: GBP13.00$c1\0$e01-jan-2005$fGBP13.00$g0$hP$5Uk
=ACF  \\$aPrevious copyright fee: GBP21.00$c1\0$e01-jan-2011$fGBP21.00$g0$hP$5Uk
=ACF  \\$aPrevious copyright fee: GBP23.00$c1\0$e01-jan-2012$fGBP23.00$g0$hP$5Uk
=ACF  \\$aPrevious copyright fee: GBP23.50$c1\0$e01-jan-2013$fGBP23.50$g0$hP$5Uk
=ACF  \\$aPrevious copyright fee: GBP24.00$c1\0$e01-jan-2014$fGBP24.00$g0$hP$5Uk
=ACF  \\$aPrevious copyright fee: GBP26.00$c1\0$e01-jan-2016$fGBP26.00$g0$hP$5Uk
=ACF  \\$aPrevious copyright fee: GBP25.00$c1\0$e01-jan-2015$fGBP25.00$g0$hP$5Uk
=ACF  \\$aPrevious copyright fee: GBP34.00$c1\0$e04-mar-2016$fGBP34.00$g0$hP$5Uk
=ACF  \\$aPrevious copyright fee: GBP36.00$c1\0$e01-jan-2017$fGBP36.00$g0$hP$5Uk
=ACF  \\$aPrevious copyright fee: GBP38.00$c1\0$e01-jan-2018$fGBP38.00$g0$hP$5Uk
=ACF  \\$aPrevious copyright fee: GBP40.00$c1\0$e01-jan-2019$fGBP40.00$g0$hP$5Uk
=ACF  \\$aPrevious copyright fee: GBP42.00$c1\0$e01-jan-2020$fGBP42.00$g0$hP$5Uk
=ACF  \\$aPrevious copyright fee: GBP44.00$c1\0$e01-jan-2021$fGBP44.00$g0$hP$5Uk
=CAT  \\$a11439$b40$c20051205$lBLL01$h1646
=CAT  \\$aBATCH-UPD$b40$c20141124$lBLL01$h1742
=CAT  \\$aBLDSS-3PM$b00$c20141130$lBLL01$h1248
=CAT  \\$aIPL-CLA$c20141231$lBLL01$h1653
=CAT  \\$aBATCH-UPD$b00$c20151119$lBLL01$h1520
=CAT  \\$aIPL-CLA$c20151231$lBLL01$h1922
=CAT  \\$a8464$b40$c20160114$lBLL01$h1108
=CAT  \\$a11205$b40$c20160127$lBLL01$h1142
=CAT  \\$a8464$b40$c20160204$lBLL01$h1324
=CAT  \\$a5552$b40$c20160304$lBLL01$h1354
=CAT  \\$aBATCH-UPD$b40$c20160726$lBLL01$h0924
=CAT  \\$aBATCH-UPD$b40$c20161122$lBLL01$h1446
=CAT  \\$aIPL-CLA$c20161230$lBLL01$h2149
=CAT  \\$aBATCH-UPD$b00$c20171121$lBLL01$h1620
=CAT  \\$aW1711-1005$c20171206$lBLL01$h1818
=CAT  \\$aIPL-CLA$c20171231$lBLL01$h1649
=CAT  \\$aBATCH-UPD$b00$c20181217$lBLL01$h1627
=CAT  \\$aIPL-CLA$c20181231$lBLL01$h1543
=CAT  \\$aBATCH-UPD$b00$c20191122$lBLL01$h1840
=CAT  \\$aIPL-CLA$c20191231$lBLL01$h1937
=CAT  \\$aBATCH-UPD$b00$c20201118$lBLL01$h1321
=CAT  \\$aIPL-CLA$c20201231$lBLL01$h1529
=CAT  \\$aBATCH-UPD$b00$c20221121$lBLL01$h1322
=CAT  \\$aIPL-CLA$c20221231$lBLL01$h1446
=CAT  \\$aR2308-1440$c20230824$lBLL01$h0928
=CAT  \\$aIPL-CLA$c20230930$lBLL01$h0807
=CFI  0\$aCurrent copyright fee: GBP46.00$c2\0$e01-oct-2023$fGBP46.00$g0$hP$5Uk
=CFI  2\$aPrevious copyright fee: GBP46.00$c1\0$e01-jan-2023$fGBP46.00$g0$hP$5Uk
=EST  \\$a1
=FFP  \\$aY$bBLDSS-3PM
=FIN  \\$aY$d20051205
=FMT  \\$a  SE
=LAS  \\$aIPL-CLA$b00$c20230930$lBLL01$h0807
=LEO  \\$aMP22.0000060161
=LET  \0$aEthnicity & health (Electronic)
=LKR  \\$aPAR$b007856638$lBLL01$nEthnicity & health (Print)$mEthnicity & health (Online)$r776
=MNI  \\$a1355-7858
=SID  \\$aZ39$bOCLC
=SRC  \\$aISN01$bbibmp22.200404.2.aa
=TCO  \\$aCLA$bCLA$c008
=TOC  \\$aETOC

