=LDR  05050cas a2201069 a 4500
=001  013352836
=003  Uk
=005  20230930080743.0
=006  m\\\\\\\\d\\\\\\\\
=007  cr\|||||||||||
=008  050718d20032012enkqx\p\s\\\\\0\\\\0eng\d
=022  \\$a1532-4184
=040  \\$aCOU$beng$cCOU$dUk
=042  \\$aukblsr
=082  04$a615.3905$222
=130  0\$aArtificial cells, blood substitutes, and biotechnology (Online)
=245  10$aArtificial cells, blood substitutes, and biotechnology$h[electronic resource].
=246  38$aArt. cells, blood subs., and biotechnology
=260  \\$aMonticello, N.Y. :$bM. Dekker,$c2003-
=260  3\$aLondon :$bInforma Healthcare
=310  \\$aFour times a year
=336  \\$atext$2rdacontent
=337  \\$acomputer$2rdamedia
=338  \\$aonline resource$2rdacarrier
=362  0\$aVol. 31, no. 1 (2003)-volume 40, number 6 (December 2012).
=500  \\$aDescription based on Vol. 29, no. 1 (2001); title from journal homepage (viewed on July 18, 2005).
=500  \\$aLatest issue consulted: volume 40, number 6 (December 2012) (Informa Healthcare, viewed May 14, 2013).
=530  \\$aOnline version of the print publication.
=540  \\$aCurrent copyright fee: zero$c2\0$5Uk
=650  \0$aArtificial cells$vPeriodicals.
=650  \0$aBlood substitutes$vPeriodicals.
=650  \0$aTissue engineering$vPeriodicals.
=650  \0$aMolecules$vPeriodicals.
=650  \0$aBiotechnology$vPeriodicals.
=710  2\$aInternational Society for Artificial Cells, Blood Substitutes and Biotechnology.
=776  0\$tArtificial cells, blood substitutes and biotechnology$x1073-1199
=780  00$tArtificial cells, blood substitutes, and immobilization biotechnology
=785  00$tArtificial cells, nanomedicine, and biotechnology$x2169-141X
=852  41$aBritish Library$bDSC$j1735.021200$3Volume 34:Issue 1(2006)-Volume 39:Issue 6(2011)***See ESTAR for full holdings.
=856  \\$31850-9999$uhttp://informahealthcare.com$xBLDSS
=856  40$uhttp://informahealthcare.com/loi/abb
=945  \\$aArtificial cells, blood substitutes, and biotechnology
=959  \\$fHeld but not currently received
=979  \\$aBritish Library$bDSC$j1735.021200
=985  \\$aISSN information - ISSN responsibility held by ISSN US Centre. This title was treated as a minor title change from: Artificial cells, blood substitutes and immobilization biotechnology (Online) ISSN 1532-4184. The same ISSN continues to apply.
=ACF  \\$aPrevious copyright fee: GBP19.00$c2\0$e01-apr-2008$fGBP19.00$g0$hP$5Uk
=ACF  \\$aPrevious copyright fee: GBP20.00$c2\0$e01-jan-2007$fGBP20.00$g0$hP$5Uk
=ACF  \\$aPrevious Copyright Fee: GBP18.00$c2\0$e28-apr-2006$fGBP18.00$g0$hP$5Uk
=ACF  \\$aCurrent copyright fee: GBP5.00$c0$e01-oct-2002$fGBP5.00$g0$hA$5Uk
=ACF  \\$aCurrent copyright fee: GBP20.00$c2\0$e01-jan-2009$fGBP20.00$g0$hP$5Uk
=ACF  \\$aPrevious copyright fee: GBP29.00$c45\0$e09-nov-2009$fGBP29.00$g0$hP$5Uk
=ACF  \\$aPrevious copyright fee: GBP33.00$c45\0$e01-apr-2015$fGBP33.00$g0$hP$5Uk
=ACF  \\$aPrevious copyright fee: GBP34.00$c45\0$e01-jan-2016$fGBP34.00$g0$hP$5Uk
=CAT  \\$a6550$b40$c20051205$lBLL01$h1722
=CAT  \\$a8483$b40$c20110111$lBLL01$h1421
=CAT  \\$a5100$b40$c20110113$lBLL01$h1147
=CAT  \\$aCDS12-UPD$b40$c20111114$lBLL01$h1923
=CAT  \\$aBATCH-CLA$b00$c20121109$lBLL01$h1728
=CAT  \\$aBATCH-UPD$b00$c20121125$lBLL01$h1435
=CAT  \\$a11316$b40$c20130514$lBLL01$h1215
=CAT  \\$aBATCH-CLA$b00$c20130526$lBLL01$h1646
=CAT  \\$aWR14_140$c20140905$lBLL01$h1810
=CAT  \\$aBLDSS-3PM$b00$c20141121$lBLL01$h1802
=CAT  \\$a5552$b40$c20150209$lBLL01$h0913
=CAT  \\$aIPL-CLA$c20150331$lBLL01$h1642
=CAT  \\$aBATCH-UPD$b00$c20150424$lBLL01$h2037
=CAT  \\$aBATCH-UPD$b00$c20151119$lBLL01$h1559
=CAT  \\$aIPL-CLA$c20151231$lBLL01$h1922
=CAT  \\$aBATCH-UPD$b00$c20160524$lBLL01$h2148
=CAT  \\$aBATCH-UPD$b00$c20160524$lBLL01$h2158
=CAT  \\$a5552$b40$c20161005$lBLL01$h0927
=CAT  \\$aIPL-CLA$c20161230$lBLL01$h2149
=CAT  \\$a5410$b40$c20200214$lBLL01$h1143
=CAT  \\$a5410$b40$c20200214$lBLL01$h1145
=CAT  \\$a5410$b40$c20200219$lBLL01$h0848
=CAT  \\$a5410$b40$c20200219$lBLL01$h0851
=CAT  \\$a5410$b40$c20221020$lBLL01$h1409
=CAT  \\$aR2308-1440$c20230824$lBLL01$h0928
=CAT  \\$aIPL-CLA$c20230930$lBLL01$h0807
=CFI  0\$aCurrent copyright fee: zero$c2\0$e01-oct-2023$fGBP0.00$g0$hP$5Uk
=CFI  2\$aPrevious copyright fee: zero$c45\0$e01-jan-2017$fGBP0.00$g0$hP$5Uk
=EST  \\$a1
=FFP  \\$aY$bBLDSS-3PM
=FIN  \\$aY$d20051205
=FMT  \\$a  SE
=LAS  \\$aIPL-CLA$b00$c20230930$lBLL01$h0807
=LKR  \\$aPAR$b010467440$lBLL01$r776$mArtificial cells, blood substitutes, and biotechnology (Online)$nArtificial cells, blood substitutes and biotechnology.
=MNI  \\$a1073-1199
=SID  \\$aZ39$bOCLC
=TCO  \\$aCLA$bCLA$c008
=TCO  \\$aTRS$bCCC$c008
=TOC  \\$aETOC

