=LDR  05545cas a2201165 a 4500
=001  013352856
=003  Uk
=005  20221231144650.0
=006  m\\\\\\\\d\\\\\\\\
=007  cr\mn|||||||||
=008  040302c19959999enkqr\p\o\\\\\0\\\a0eng\d
=015  \\$aGBA603178$2bnb
=022  \\$a1743-792X$y1360-2381
=037  \\$aISSN_13602381$bPortico$nTaylor & Francis
=040  \\$aHUA$cHUA$dOCLCQ$dCGU$dOCL$dUk
=042  \\$aukblsr
=043  \\$aa------
=082  04$a338.095$222
=130  0\$aAsia Pacific business review (Online)
=222  \0$aAsia Pacific business review$b(Online)
=245  10$aAsia Pacific business review$h[electronic resource].
=260  \\$aLondon :$bFrank Cass,$c[2000]-
=260  3\$a[Abingdon] :$bRoutledge, Taylor & Francis Group
=310  \\$aQuarterly
=336  \\$atext$2rdacontent
=337  \\$acomputer$2rdamedia
=338  \\$aonline resource$2rdacarrier
=362  1\$aPrint began with vol. 2, no. 1 (autumn 1995).
=500  \\$aIncludes several "special issues" which also have thematic titles.
=540  \\$aCurrent copyright fee: GBP37.00$c2\0$5Uk
=580  \\$aIncludes issues of earlier title: Journal of Far Eastern business.
=588  \\$aDescription based on: Vol. 7, no. 1 (2000); title from journal information screen (Ingenta Select, viewed Dec. 15, 2003).
=588  \\$aLatest issue consulted: volume 22, number 1 (2016) (Taylor & Francis Online, viewed January 4, 2016).
=651  \0$aAsia$xCommerce$vPeriodicals.
=690  7\$aManagement and Business Studies$2blcoll
=776  08$iAlso issued in print as:$tAsia Pacific business review$x1360-2381
=780  10$tJournal of Far Eastern business
=852  41$aBritish Library$bHMNTS$jELD Digital store$3Volume 22:Issue 1(2016)-***Previous issues acailable in print copy
=852  41$aBritish Library$bDSC$j1742.257600$3Volume 12:Issue 1(2006)-Volume 17:Issue 4(2011)***See ESTAR for full holdings.
=856  40$uhttp://www.tandfonline.com/toc/fapb20/current
=856  4\$uhttp://www.ingenta.com/isis/browsing/AllIssues/ingenta;jsessionid=373qgpesqn9bb.crescent?journal=pubinfobike://fcp/apb$zLink no longer valid
=856  \\$31850-9999$uhttp://www.tandfonline.com/$xBLDSS
=856  40$uhttp://www.tandfonline.com/loi/fapb20
=859  \\$aELD$bejournal
=945  \\$aASIA PACIFIC BUSINESS REVIEW
=959  \\$fHeld but not currently received
=985  \\$aISSN responsibility taken by US ISSN Center (multinational publisher), September 5 2013.
=ACF  \\$aPrevious copyright fee: GBP17.00$c2\0$e01-jan-2010$fGBP17.00$g0$hP$5Uk
=ACF  \\$aPrevious copyright fee: GBP16.00$c2\0$e01-jan-2009$fGBP16.00$g0$hP$5Uk
=ACF  \\$aPrevious copyright fee: GBP15.00$c2\0$e01-apr-2008$fGBP15.00$g0$hP$5Uk
=ACF  \\$aPrevious copyright fee: GBP16.00$c2\0$e01-jan-2007$fGBP16.00$g0$hP$5Uk
=ACF  \\$aPrevious copyright fee: GBP13.00$c2\0$e01-jan-2005$fGBP13.00$g0$hP$5Uk
=ACF  \\$aPrevious copyright fee: GBP21.00$c2\0$e01-jan-2011$fGBP21.00$g0$hP$5Uk
=ACF  \\$aPrevious copyright fee: GBP23.00$c2\0$e01-jan-2012$fGBP23.00$g0$hP$5Uk
=ACF  \\$aPrevious copyright fee: GBP23.50$c2\0$e01-jan-2013$fGBP23.50$g0$hP$5Uk
=ACF  \\$aPrevious copyright fee: GBP24.00$c2\0$e01-jan-2014$fGBP24.00$g0$hP$5Uk
=ACF  \\$aPrevious copyright fee: GBP25.00$c2\0$e01-jan-2015$fGBP25.00$g0$hP$5Uk
=ACF  \\$aPrevious copyright fee: GBP26.00$c2\0$e01-jan-2016$fGBP26.00$g0$hP$5Uk
=ACF  \\$aPrevious copyright fee: GBP28.00$c2\0$e01-jan-2017$fGBP28.00$g0$hP$5Uk
=ACF  \\$aPrevious copyright fee: GBP30.00$c2\0$e01-jan-2018$fGBP30.00$g0$hP$5Uk
=ACF  \\$aPrevious copyright fee: GBP32.00$c2\0$e01-jan-2019$fGBP32.00$g0$hP$5Uk
=ACF  \\$aPrevious copyright fee: GBP34.00$c2\0$e01-jan-2020$fGBP34.00$g0$hP$5Uk
=CAT  \\$a6550$b40$c20051205$lBLL01$h1744
=CAT  \\$aWR14_140$c20140905$lBLL01$h1810
=CAT  \\$aBATCH-UPD$b00$c20141124$lBLL01$h1802
=CAT  \\$aBLDSS-3PM$b00$c20141130$lBLL01$h1248
=CAT  \\$aIPL-CLA$c20141231$lBLL01$h1653
=CAT  \\$aBATCH-UPD$b00$c20151119$lBLL01$h1543
=CAT  \\$a8478$b40$c20151208$lBLL01$h0738
=CAT  \\$a8478$b40$c20151208$lBLL01$h0739
=CAT  \\$aIPL-CLA$c20151231$lBLL01$h1922
=CAT  \\$a8323$b40$c20160104$lBLL01$h1418
=CAT  \\$a8037$b40$c20160122$lBLL01$h1019
=CAT  \\$aWR16_048$c20160322$lBLL01$h1613
=CAT  \\$aBATCH-UPD$b00$c20160527$lBLL01$h2117
=CAT  \\$aBATCH-UPD$b00$c20161122$lBLL01$h1512
=CAT  \\$aIPL-CLA$c20161230$lBLL01$h2149
=CAT  \\$aBATCH-UPD$b00$c20171121$lBLL01$h1647
=CAT  \\$aW1711-1005$c20171206$lBLL01$h1818
=CAT  \\$aIPL-CLA$c20171231$lBLL01$h1649
=CAT  \\$aBATCH-UPD$b00$c20181217$lBLL01$h1638
=CAT  \\$aIPL-CLA$c20181231$lBLL01$h1543
=CAT  \\$aBATCH-UPD$b00$c20191122$lBLL01$h1900
=CAT  \\$aIPL-CLA$c20191231$lBLL01$h1937
=CAT  \\$aBATCH-UPD$b00$c20201118$lBLL01$h1334
=CAT  \\$aIPL-CLA$c20201231$lBLL01$h1529
=CAT  \\$aBATCH-UPD$b00$c20221121$lBLL01$h1347
=CAT  \\$aIPL-CLA$c20221231$lBLL01$h1446
=CFI  0\$aCurrent copyright fee: GBP37.00$c2\0$e01-jan-2023$fGBP37.00$g0$hP$5Uk
=CFI  2\$aPrevious copyright fee: GBP35.00$c2\0$e01-jan-2021$fGBP35.00$g0$hP$5Uk
=EST  \\$a1
=FFP  \\$aY$bBLDSS-3PM
=FIN  \\$aY$d20051205
=FMT  \\$a  SE
=LAS  \\$aIPL-CLA$b00$c20221231$lBLL01$h1446
=LET  \0$aAsia Pacific business review (Electronic)
=MNI  \\$a1360-2381
=SID  \\$aZ39$bOCLC
=TCO  \\$aCLA$bCLA$c008
=TOC  \\$aETOC

