=LDR  05827cas a2201225 a 4500
=001  013355798
=003  Uk
=005  20221231144654.0
=006  m\\\\\\\\d\\\\\\\\
=007  cr\mnu||||||||
=008  000802c19979999enktr\pss\\\\\0\\\a0eng\d
=015  \\$aGBA604764$2bnb
=022  0\$a1744-4233
=037  \\$aISSN_13825577$bPortico$nTaylor & Francis
=040  \\$aF#A$beng$cF#A$dOCLCQ$dUk
=042  \\$aukblsr
=043  \\$ae------
=082  04$a420.71$222
=130  0\$aEuropean journal of English studies (Online)
=210  0\$aEur. j. Engl. stud.$b(Online)
=222  \0$aEuropean journal of English studies$b(Online)
=245  10$aEuropean journal of English studies$h[electronic resource].
=246  13$aEJES
=260  \\$a[Lisse, the Netherlands] :$bSwets & Zeitlinger Pub.,$c[1997]-
=260  3\$aLondon :$bRoutledge
=310  \\$aThree issues a year
=336  \\$atext$2rdacontent
=337  \\$acomputer$2rdamedia
=338  \\$aonline resource$2rdacarrier
=362  1\$aPrint began with vol. 1, no. 1 (Apr. 1997).
=500  \\$aDescription based on: Vol. 4, no. 1 (2000); title from journal information screen (viewed July 26, 2000).
=538  \\$aMode of access: World Wide Web.
=540  \\$aCurrent copyright fee: GBP37.00$c2\0$5Uk
=550  \\$a"The official journal of the European Society for the Study of English (ESSE)."
=588  \\$aLatest issue consulted: volume 19, issue 2 (2015) (Taylor & Francis Online, viewed February 22, 2016).
=650  \0$aEnglish literature$zEurope$vPeriodicals.
=650  \0$aEnglish literature$xStudy and teaching$zEurope$vPeriodicals.
=650  \0$aEnglish language$zEurope$vPeriodicals.
=650  \0$aEnglish language$xStudy and teaching$zEurope$vPeriodicals.
=710  2\$aEuropean Society for the Study of English.
=776  08$iAlso issued in print as:$tEuropean journal of English studies$x1382-5577
=852  41$aBritish Library$bHMNTS$jELD Digital store$3Volume 20:Number 1(2016)-***Previous issues available in print copy
=852  41$aBritish Library$bDSC$j3829.728820$3Volume 10:Issue 1(2006)-Volume 21:Issue 3(2017)***See ESTAR for full holdings.
=856  \\$31850-9999$uhttp://www.tandfonline.com/$xBLDSS
=856  4\$uhttp://www.tandfonline.com/toc/neje20/current
=859  \\$aELD$bejournal
=945  \\$aEUROPEAN JOURNAL OF ENGLISH STUDIES.
=959  \\$fHeld but not currently received
=979  \\$aBritish Library$bDSC$j3829.728820
=985  \\$aISSN responsibility taken by United States ISSN Centre (multinational publisher agreement), May 13 2014.
=ACF  \\$aPrevious copyright fee: GBP17.00$c2\0$e01-jan-2010$fGBP17.00$g0$hP$5Uk
=ACF  \\$aPrevious copyright fee: GBP16.00$c2\0$e01-jan-2009$fGBP16.00$g0$hP$5Uk
=ACF  \\$aPrevious copyright fee: GBP15.00$c2\0$e01-apr-2008$fGBP15.00$g0$hP$5Uk
=ACF  \\$aPrevious copyright fee: GBP16.00$c2\0$e01-jan-2007$fGBP16.00$g0$hP$5Uk
=ACF  \\$aPrevious Copyright Fee: GBP13.00$c2\0$e01-apr-2005$fGBP13.00$g0$hP$5Uk
=ACF  \\$aPrevious copyright fee: GBP21.00$c2\0$e01-jan-2011$fGBP21.00$g0$hP$5Uk
=ACF  \\$aPrevious copyright fee: GBP23.00$c2\0$e01-jan-2012$fGBP23.00$g0$hP$5Uk
=ACF  \\$aPrevious copyright fee: GBP23.50$c2\0$e01-jan-2013$fGBP23.50$g0$hP$5Uk
=ACF  \\$aPrevious copyright fee: GBP24.00$c2\0$e01-jan-2014$fGBP24.00$g0$hP$5Uk
=ACF  \\$aPrevious copyright fee: GBP25.00$c2\0$e01-jan-2015$fGBP25.00$g0$hP$5Uk
=ACF  \\$aPrevious copyright fee: GBP26.00$c2\0$e01-jan-2016$fGBP26.00$g0$hP$5Uk
=ACF  \\$aPrevious copyright fee: GBP28.00$c2\0$e01-jan-2017$fGBP28.00$g0$hP$5Uk
=ACF  \\$aPrevious copyright fee: GBP30.00$c2\0$e01-jan-2018$fGBP30.00$g0$hP$5Uk
=ACF  \\$aPrevious copyright fee: GBP32.00$c2\0$e01-jan-2019$fGBP32.00$g0$hP$5Uk
=ACF  \\$aPrevious copyright fee: GBP34.00$c2\0$e01-jan-2020$fGBP34.00$g0$hP$5Uk
=CAT  \\$a11187$b40$c20051207$lBLL01$h1757
=CAT  \\$aBATCH-UPD$b40$c20141124$lBLL01$h1803
=CAT  \\$aBLDSS-3PM$b00$c20141130$lBLL01$h1248
=CAT  \\$aIPL-CLA$c20141231$lBLL01$h1653
=CAT  \\$aBATCH-UPD$b00$c20151119$lBLL01$h1543
=CAT  \\$aIPL-CLA$c20151231$lBLL01$h1923
=CAT  \\$a8464$b40$c20160120$lBLL01$h0907
=CAT  \\$a8464$b40$c20160204$lBLL01$h1347
=CAT  \\$a11205$b40$c20160222$lBLL01$h1539
=CAT  \\$a11205$b40$c20160222$lBLL01$h1540
=CAT  \\$aBATCH-UPD$b40$c20160519$lBLL01$h0941
=CAT  \\$aBATCH-UPD$b40$c20161122$lBLL01$h1512
=CAT  \\$aIPL-CLA$c20161230$lBLL01$h2149
=CAT  \\$aBATCH-UPD$b00$c20171121$lBLL01$h1647
=CAT  \\$aW1711-1005$c20171206$lBLL01$h1818
=CAT  \\$aIPL-CLA$c20171231$lBLL01$h1649
=CAT  \\$aBATCH-UPD$b00$c20181217$lBLL01$h1638
=CAT  \\$aIPL-CLA$c20181231$lBLL01$h1543
=CAT  \\$aW1811-111$c20190203$lBLL01$h0956
=CAT  \\$aBATCH-UPD$b00$c20191122$lBLL01$h1900
=CAT  \\$aIPL-CLA$c20191231$lBLL01$h1937
=CAT  \\$aBATCH-UPD$b00$c20201118$lBLL01$h1334
=CAT  \\$aIPL-CLA$c20201231$lBLL01$h1529
=CAT  \\$aBATCH-UPD$b00$c20221121$lBLL01$h1347
=CAT  \\$a5410$b40$c20221125$lBLL01$h1447
=CAT  \\$aIPL-CLA$c20221231$lBLL01$h1446
=CFI  0\$aCurrent copyright fee: GBP37.00$c2\0$e01-jan-2023$fGBP37.00$g0$hP$5Uk
=CFI  2\$aPrevious copyright fee: GBP35.00$c2\0$e01-jan-2021$fGBP35.00$g0$hP$5Uk
=EST  \\$a1
=FFP  \\$aY$bBLDSS-3PM
=FIN  \\$aY$d20051207
=FMT  \\$a  SE
=LAS  \\$aIPL-CLA$b00$c20221231$lBLL01$h1446
=LET  \0$aEuropean journal of English studies (Electronic)
=LKR  \\$aPAR$b007858710$lBLL01$nEuropean journal of English studies (Print)$mEuropean journal of English studies (Online)$r776
=MNI  \\$a1382-5577
=SID  \\$aZ39$bOCLC
=TCO  \\$aCLA$bCLA$c008
=TCO  \\$aNLD$bSTICHTING REPRORECHT$c008
=TOC  \\$aETOC

