=LDR  05797cas a2201261 a 4500
=001  013355839
=003  Uk
=005  20230930080751.0
=006  m\\\\\\\\d\\\\\\\\
=007  cr||||||||||||
=008  031218c20039999enkqr\pss\\\\\0\\\a0eng\d
=010  \\$a2005249131
=015  \\$aGBA604770$2bnb
=022  0\$a1476-7732$y1476-7724
=037  \\$aISSN_14767724$bPortico$nTaylor & Francis
=040  \\$aF#A$beng$cF#A$dOCLCQ$dF#A$dOCLCQ$dZYU$dUk
=042  \\$aukblsr
=050  14$aLC71$b.G56
=082  04$a379$222
=130  0\$aGlobalisation, societies and education (Online)
=222  \0$aGlobalisation, societies and education$b(Online)
=245  10$aGlobalisation, societies and education$h[electronic resource].
=260  \\$a[Abingdon, Oxfordshire] :$bCarfax Pub.,$cc2003-
=264  31$a[London] :$bRoutledge
=310  \\$aQuarterly
=321  \\$aThree issues yearly
=336  \\$atext$2rdacontent
=337  \\$acomputer$2rdamedia
=338  \\$aonline resource$2rdacarrier
=362  0\$aVol. 1, no. 1 (2003)-
=500  \\$aTitle from journal information screen (OCLC FirstSearch, viewed Dec. 17, 2003).
=538  \\$aMode of access: World Wide Web.
=540  \\$aCurrent copyright fee: GBP37.00$c2\0$5Uk
=588  \\$aLatest issue consulted: volume 13, issue 4 (2015) (Taylor & Francis Online, viewed December 16, 2015).
=650  \0$aGlobalization$vPeriodicals.
=650  \0$aGlobalization$xSocial aspects$vPeriodicals.
=650  \0$aEducation$xSocial aspects$vPeriodicals.
=650  \0$aEducation$xEconomic aspects$vPeriodicals.
=650  \0$aEducation and state$vPeriodicals.
=650  \0$aEducational sociology$vPeriodicals.
=650  \0$aInternational education$vPeriodicals.
=690  7\$aSocial Welfare$2blcoll
=776  08$iAlso issued in print as:$tGlobalisation, societies and education$x1476-7724
=852  41$aBritish Library$bHMNTS$jELD Digital store$3Volume 14:Number 1(2016)-***Previous issues available in print copy
=852  41$aBritish Library$bDSC$j4195.477955$3Volume 4:Issue 1(2006)-Volume 9:Issue 3/4(2011)***See ESTAR for full holdings.
=856  \\$31850-9999$uhttp://www.tandfonline.com/$xBLDSS
=856  4\$uhttp://www.tandfonline.com/toc/cgse20/current#.VbI14lLbLrt
=856  40$uhttp://www.tandfonline.com/toc/cgse20/current
=859  \\$aELD$bejournal
=945  \\$aGLOBALISATION SOCIETIES AND EDUCATION.
=959  \\$fHeld but not currently received
=985  \\$aISSN UK Centre note: responsibility transferred to US Center under multinational publisher agreement 29.7.2015.
=ACF  \\$aPrevious copyright fee: GBP17.00$c1\0$e01-jan-2010$fGBP17.00$g0$hP$5Uk
=ACF  \\$aPrevious copyright fee: GBP16.00$c1\0$e01-jan-2009$fGBP16.00$g0$hP$5Uk
=ACF  \\$aPrevious copyright fee: GBP15.00$c1\0$e01-apr-2008$fGBP15.00$g0$hP$5Uk
=ACF  \\$aPrevious copyright fee: GBP16.00$c1\0$e01-jan-2007$fGBP16.00$g0$hP$5Uk
=ACF  \\$aPrevious copyright fee: GBP13.00$c1\0$e01-jan-2005$fGBP13.00$g0$hP$5Uk
=ACF  \\$aPrevious copyright fee: GBP21.00$c1\0$e01-jan-2011$fGBP21.00$g0$hP$5Uk
=ACF  \\$aPrevious copyright fee: GBP23.00$c1\0$e01-jan-2012$fGBP23.00$g0$hP$5Uk
=ACF  \\$aPrevious copyright fee: GBP23.50$c1\0$e01-jan-2013$fGBP23.50$g0$hP$5Uk
=ACF  \\$aPrevious copyright fee: GBP24.00$c1\0$e01-jan-2014$fGBP24.00$g0$hP$5Uk
=ACF  \\$aPrevious copyright fee: GBP25.00$c1\0$e01-jan-2015$fGBP25.00$g0$hP$5Uk
=ACF  \\$aPrevious copyright fee: GBP26.00$c1\0$e01-jan-2016$fGBP26.00$g0$hP$5Uk
=ACF  \\$aPrevious copyright fee: GBP28.00$c1\0$e01-jan-2017$fGBP28.00$g0$hP$5Uk
=ACF  \\$aPrevious copyright fee: GBP30.00$c1\0$e01-jan-2018$fGBP30.00$g0$hP$5Uk
=ACF  \\$aPrevious copyright fee: GBP32.00$c1\0$e01-jan-2019$fGBP32.00$g0$hP$5Uk
=ACF  \\$aPrevious copyright fee: GBP34.00$c1\0$e01-jan-2020$fGBP34.00$g0$hP$5Uk
=ACF  \\$aPrevious copyright fee: GBP35.00$c1\0$e01-jan-2021$fGBP35.00$g0$hP$5Uk
=CAT  \\$a11281$b40$c20051208$lBLL01$h0839
=CAT  \\$a10973$b40$c20150727$lBLL01$h0941
=CAT  \\$a10973$b40$c20150729$lBLL01$h0928
=CAT  \\$aBATCH-UPD$b40$c20151119$lBLL01$h1521
=CAT  \\$a5110$b40$c20151216$lBLL01$h1405
=CAT  \\$aIPL-CLA$c20151231$lBLL01$h1923
=CAT  \\$a8478$b40$c20160120$lBLL01$h0733
=CAT  \\$a8478$b40$c20160120$lBLL01$h0734
=CAT  \\$a11296$b40$c20160205$lBLL01$h1245
=CAT  \\$aWR16_048$c20160322$lBLL01$h1613
=CAT  \\$aBATCH-UPD$b00$c20160726$lBLL01$h0950
=CAT  \\$aBATCH-UPD$b00$c20161122$lBLL01$h1443
=CAT  \\$aIPL-CLA$c20161230$lBLL01$h2149
=CAT  \\$aBATCH-UPD$b00$c20171121$lBLL01$h1623
=CAT  \\$aW1711-1005$c20171206$lBLL01$h1818
=CAT  \\$aIPL-CLA$c20171231$lBLL01$h1649
=CAT  \\$aBATCH-UPD$b00$c20181217$lBLL01$h1629
=CAT  \\$aIPL-CLA$c20181231$lBLL01$h1543
=CAT  \\$aBATCH-UPD$b00$c20191122$lBLL01$h1842
=CAT  \\$aIPL-CLA$c20191231$lBLL01$h1937
=CAT  \\$aBATCH-UPD$b00$c20201118$lBLL01$h1324
=CAT  \\$aIPL-CLA$c20201231$lBLL01$h1529
=CAT  \\$aBATCH-UPD$b00$c20221121$lBLL01$h1319
=CAT  \\$aIPL-CLA$c20221231$lBLL01$h1446
=CAT  \\$aR2308-1440$c20230824$lBLL01$h0928
=CAT  \\$aIPL-CLA$c20230930$lBLL01$h0807
=CFI  0\$aCurrent copyright fee: GBP37.00$c2\0$e01-oct-2023$fGBP37.00$g0$hP$5Uk
=CFI  2\$aPrevious copyright fee: GBP37.00$c1\0$e01-jan-2023$fGBP37.00$g0$hP$5Uk
=EST  \\$a1
=FFP  \\$aY$bBLDSS-3PM
=FIN  \\$aY$d20051208
=FMT  \\$a  SE
=LAS  \\$aIPL-CLA$b00$c20230930$lBLL01$h0807
=LEO  \\$aMP22.0000068783
=LET  \0$aGlobalisation, societies and education (Electronic)
=MNI  \\$a1476-7724
=SID  \\$aZ39$bOCLC
=SRC  \\$aISN01$bbibmp22.200404.2.aa
=TCO  \\$aCLA$bCLA$c008
=TOC  \\$aETOC

