=LDR  05268cas a2201153 a 4500
=001  013356003
=003  Uk
=005  20160426151052.0
=006  m\\\\\\\\d\\\\\\\\
=007  cr\mnu||||||||
=008  991130c19939999enkbr\pss\\\\\0\\\a0eng\d
=010  \\$a2003252233
=015  \\$aGBA604804$2bnb
=022  \\$a1465-7309$y1067-3229
=037  \\$aISSN_10673229_74$bPortico$nLippincott Williams & Wilkins
=040  \\$aF#A$cF#A$dOCLCQ$dWAU$dOCLCQ$dUk
=042  \\$aukblsr
=082  04$a616.89005$223
=130  0\$aHarvard review of psychiatry (Online)
=210  00$aHarvard rev psychiatry$b(Online)
=222  \0$aHarvard review of psychiatry$b(Online)
=245  10$aHarvard review of psychiatry$h[electronic resource].
=260  \\$a[Oxford] :$bOxford University Press
=260  2\$aLondon :$bTaylor & Francis
=260  2\$a[London] :$bInforma Healthcare
=264  31$a[Philadelphia, PA] :$bLippincott, Williams & Wilkins
=310  \\$aBimonthly
=336  \\$atext$2rdacontent
=337  \\$acomputer$2rdamedia
=338  \\$aonline resource$2rdacarrier
=362  1\$aPrint began with vol. 1, no. 1 (May/June 1993).
=500  \\$aDescription based on: Vol. 7, no. 1 (1999); title from contents (viewed Feb. 14, 2003).
=500  \\$aLatest issue consulted: volume 23, issue 3 (May/June 2015) (Wolters Kluwer, viewed May 21, 2015).
=530  \\$aAlso issued in print.
=538  \\$aMode of access: World Wide Web.
=540  \\$aCurrent copyright fee: GBP32.00$c20\0$5Uk
=650  \0$aPsychiatry$vPeriodicals.
=776  1\$tHarvard review of psychiatry$x1067-3229
=852  41$aBritish Library$bHMNTS$jELD Digital store$3Volume 23:Issue 1(2015:Jan./Feb.)-***Previous issues available in print copy
=852  41$aBritish Library$bDSC$j4270.020000$3Volume 14:Issue 1(2006)-***See ESTAR for full holdings.
=856  \\$31850-9999$uhttp://journals.lww.com$xBLDSS
=856  40$31993-2012:$uhttp://informahealthcare.com/journal/hrp
=856  40$uhttp://journals.lww.com/hrpjournal/pages/default.aspx
=856  40$uhttp://ovidsp.tx.ovid.com/sp-3.15.1b/ovidweb.cgi?&S=FJNEFPGELJDDCKNBNCKKIEOBGJGAAA00&Browse=Toc+Children%7cNO%7cS.sh.2642_1432205746_62.2642_1432205746_74.2642_1432205746_79%7c168%7c50
=859  \\$aELD$bejournal
=945  \\$aHARVARD REVIEW OF PSYCHIATRY
=959  \\$fCurrently received
=985  \\$aISSN responsibility change in progress 15/5/2015
=ACF  \\$aPrevious copyright fee: GBP19.00$c2\0$e01-apr-2008$fGBP19.00$g0$hP$5Uk
=ACF  \\$aPrevious copyright fee: GBP20.00$c2\0$e01-jan-2007$fGBP20.00$g0$hP$5Uk
=ACF  \\$aPrevious copyright fee: GBP18.00$c2\0$e01-jan-2005$fGBP18.00$g0$hP$5Uk
=ACF  \\$aCurrent copyright fee: GBP20.00$c2\0$e01-jan-2009$fGBP20.00$g0$hP$5Uk
=ACF  \\$aPrevious copyright fee: GBP57.00$c45\0$e10-nov-2009$fGBP57.00$g0$hP$5Uk
=ACF  \\$aPrevious copyright fee: GBP29.38$c20\0$e01-jan-2013$fGBP29.38$g0$hP$5Uk
=ACF  \\$aPrevious copyright fee: GBP30.32$c20\0$e01-jul-2013$fGBP30.32$g0$hP$5Uk
=ACF  \\$aPrevious copyright fee: GBP29.38$c20\0$e01-jan-2014$fGBP29.38$g0$hP$5Uk
=ACF  \\$aPrevious copyright fee: GBP28.48$c20\0$e01-jul-2014$fGBP28.48$g0$hP$5Uk
=ACF  \\$aPrevious copyright fee: GBP30.32$c20\0$e01-apr-2015$fGBP30.32$g0$hP$5Uk
=ACF  \\$aPrevious copyright fee: GBP31.33$c20\0$e01-jul-2015$fGBP31.33$g0$hP$5Uk
=CAT  \\$a11281$b40$c20051208$lBLL01$h1044
=CAT  \\$aWR13.005$c20130323$lBLL01$h1334
=CAT  \\$a5997$b40$c20130503$lBLL01$h1348
=CAT  \\$aBATCH-UPD$b40$c20130522$lBLL01$h1717
=CAT  \\$aIPL-CLA$c20130701$lBLL01$h0056
=CAT  \\$aBATCH-UPD$b00$c20131119$lBLL01$h2008
=CAT  \\$aIPL-CLA$c20131231$lBLL01$h2357
=CAT  \\$aBATCH-UPD$b00$c20140527$lBLL01$h2035
=CAT  \\$aBATCH-CLA$c20140528$lBLL01$h1742
=CAT  \\$aIPL-CLA$c20140630$lBLL01$h1726
=CAT  \\$aBLDSS-3PM$b00$c20141116$lBLL01$h1731
=CAT  \\$aBATCH-UPD$b00$c20150219$lBLL01$h1728
=CAT  \\$aIPL-CLA$c20150331$lBLL01$h1642
=CAT  \\$a11316$b40$c20150515$lBLL01$h1401
=CAT  \\$a8311$b40$c20150520$lBLL01$h0909
=CAT  \\$aBATCH-UPD$b40$c20150520$lBLL01$h1738
=CAT  \\$a11316$b40$c20150521$lBLL01$h1225
=CAT  \\$a11316$b40$c20150521$lBLL01$h1226
=CAT  \\$aIPL-CLA$c20150630$lBLL01$h1649
=CAT  \\$aBATCH-UPD$b00$c20150820$lBLL01$h1824
=CAT  \\$aIPL-CLA$c20150930$lBLL01$h1810
=CAT  \\$aBATCH-UPD$b00$c20160217$lBLL01$h1711
=CAT  \\$aIPL-CLA$c20160331$lBLL01$h1731
=CAT  \\$a10983$b40$c20160426$lBLL01$h1510
=CAT  \\$aBATCH-UPD$b40$c20160519$lBLL01$h0837
=CAT  \\$aW1711-1005$c20171206$lBLL01$h1818
=CFI  0\$aCurrent copyright fee: GBP32.00$c20\0$e01-apr-2016$fGBP32.00$g0$hP$5Uk
=CFI  2\$aPrevious copyright fee: GBP30.32$c20\0$e01-oct-2015$fGBP30.32$g0$hP$5Uk
=EST  \\$a1
=FFP  \\$aY$bBLDSS-3PM
=FIN  \\$aY$d20051208
=FMT  \\$a  SE
=LAS  \\$aW1711-1005$b00$c20171206$lBLL01$h1818
=LET  \0$aHarvard review of psychiatry (Electronic)
=LKR  \\$aPAR$b009199321$lBLL01$nHarvard review of psychiatry (Print)$mHarvard review of psychiatry (Online)$r776
=MNI  \\$a1067-3229
=SID  \\$aZ39$bOCLC
=TCO  \\$aCLA$bCLA$c008
=TOC  \\$aETOC
=UNO  \\$aY

