=LDR  06004cas a2201297 a 4500
=001  013356845
=003  Uk
=005  20230930080756.0
=006  m\\\\\\\\d\\\\\\\\
=007  cr\|||||||||||
=008  021002c19989999enkfr\pss\\\\\0\\\a0eng\c
=010  \\$a2002227148$z2002238330
=015  \\$aGBA604908$2bnb
=022  \\$a1469-9346$y1369-6815
=037  \\$aISSN_13696815$bPortico$nTaylor & Francis
=040  \\$aEYM$cEYM$dOCLCQ$dIUL$dF#A$dOCLCQ$dMUQ$dOCL$dUk
=042  \\$aukblsr
=043  \\$af------
=050  14$aPL8000
=082  04$a960$222
=130  0\$aJournal of African cultural studies (Online)
=210  0\$aJ. Afr. cult. stud.$b(Online)
=222  \0$aJournal of African cultural studies$b(Online)
=245  10$aJournal of African cultural studies$h[electronic resource].
=246  30$aAfrican cultural studies
=260  \\$aAbingdon, Oxfordshire, U.K. :$bCarfax,$c1998-
=264  31$32003-$a[Abingdon] :$bRoutledge, Taylor & Francis Group
=310  \\$aThree times a year,$b2013-
=321  \\$aSemiannual,$b-2012
=336  \\$atext$2rdacontent
=337  \\$acomputer$2rdamedia
=338  \\$aonline resource$2rdacarrier
=362  0\$aVol. 11, no. 1 (June 1998)-
=500  \\$aTitle from title screen (viewed Oct. 2, 2002).
=530  \\$aAlso issued in print.
=538  \\$aMode of access: World Wide Web.
=540  \\$aCurrent copyright fee: GBP37.00$c2\0$5Uk
=550  \\$aIssued by: Dept. of the Languages and Cultures of Africa, School of Oriental and African Studies, University of London.
=588  \\$aLatest issue consulted: Volume 28, issue 1 (2016) (Taylor & Francis Online, viewed February 9, 2016).
=650  \0$aAfrican languages$vPeriodicals.
=650  \0$aLanguage and culture$zAfrica$vPeriodicals.
=650  \6$aLangage et culture$zAfrique$vPériodiques.
=650  \6$aLangues africaines$vPériodiques.
=651  \0$aAfrica$xCivilization$vPeriodicals.
=651  \6$aAfrique$xCivilisation$vPériodiques.
=710  2\$aUniversity of London.$bDepartment of the Languages and Cultures of Africa.
=776  1\$tJournal of African cultural studies$x1369-6815
=780  00$tAfrican languages and cultures (Online)
=852  41$aBritish Library$bHMNTS$jELD Digital store$3Volume 28:Issue 1(2016)-***Previous issues available in print copy
=852  41$aBritish Library$bDSC$j4919.988500$3Volume 18:Issue 1(2006)-Volume 23:Issue 2(2011)***See ESTAR for full holdings.
=856  \\$31850-9999$uhttp://www.tandfonline.com/$xBLDSS
=856  40$uhttp://www.tandfonline.com/toc/cjac20/current
=859  \\$aELD$bejournal
=945  \\$aJOURNAL OF AFRICAN CULTURAL STUDIES.
=959  \\$fHeld but not currently received
=985  \\$aISSN responsibility taken by US ISSN Center (multinational publisher), April 8 2014.
=985  \\$aRecord amended for WR# 13/070
=ACF  \\$aPrevious copyright fee: GBP17.00$c1\0$e01-jan-2010$fGBP17.00$g0$hP$5Uk
=ACF  \\$aPrevious copyright fee: GBP16.00$c1\0$e01-jan-2009$fGBP16.00$g0$hP$5Uk
=ACF  \\$aPrevious copyright fee: GBP15.00$c1\0$e01-apr-2008$fGBP15.00$g0$hP$5Uk
=ACF  \\$aPrevious copyright fee: GBP16.00$c1\0$e01-jan-2007$fGBP16.00$g0$hP$5Uk
=ACF  \\$aPrevious copyright fee: GBP13.00$c1\0$e01-jan-2005$fGBP13.00$g0$hP$5Uk
=ACF  \\$aPrevious copyright fee: GBP21.00$c1\0$e01-jan-2011$fGBP21.00$g0$hP$5Uk
=ACF  \\$aPrevious copyright fee: GBP23.00$c1\0$e01-jan-2012$fGBP23.00$g0$hP$5Uk
=ACF  \\$aPrevious copyright fee: GBP23.50$c1\0$e01-jan-2013$fGBP23.50$g0$hP$5Uk
=ACF  \\$aPrevious copyright fee: GBP24.00$c1\0$e01-jan-2014$fGBP24.00$g0$hP$5Uk
=ACF  \\$aPrevious copyright fee: GBP25.00$c1\0$e01-jan-2015$fGBP25.00$g0$hP$5Uk
=ACF  \\$aPrevious copyright fee: GBP26.00$c1\0$e01-jan-2016$fGBP26.00$g0$hP$5Uk
=ACF  \\$aPrevious copyright fee: GBP28.00$c1\0$e01-jan-2017$fGBP28.00$g0$hP$5Uk
=ACF  \\$aPrevious copyright fee: GBP30.00$c1\0$e01-jan-2018$fGBP30.00$g0$hP$5Uk
=ACF  \\$aPrevious copyright fee: GBP32.00$c1\0$e01-jan-2019$fGBP32.00$g0$hP$5Uk
=ACF  \\$aPrevious copyright fee: GBP34.00$c1\0$e01-jan-2020$fGBP34.00$g0$hP$5Uk
=ACF  \\$aPrevious copyright fee: GBP35.00$c1\0$e01-jan-2021$fGBP35.00$g0$hP$5Uk
=CAT  \\$a11281$b40$c20051209$lBLL01$h0858
=CAT  \\$a11313$b40$c20140408$lBLL01$h0905
=CAT  \\$aBATCH-UPD$b40$c20141124$lBLL01$h1742
=CAT  \\$aBLDSS-3PM$b00$c20141130$lBLL01$h1248
=CAT  \\$aIPL-CLA$c20141231$lBLL01$h1653
=CAT  \\$aBATCH-UPD$b00$c20151119$lBLL01$h1521
=CAT  \\$aIPL-CLA$c20151231$lBLL01$h1923
=CAT  \\$a11433$b40$c20160125$lBLL01$h1557
=CAT  \\$a8124$b40$c20160209$lBLL01$h1427
=CAT  \\$a8124$b40$c20160209$lBLL01$h1430
=CAT  \\$aBATCH-UPD$b40$c20160726$lBLL01$h0722
=CAT  \\$aBATCH-UPD$b40$c20161122$lBLL01$h1443
=CAT  \\$aIPL-CLA$c20161230$lBLL01$h2149
=CAT  \\$aBATCH-UPD$b00$c20171121$lBLL01$h1623
=CAT  \\$aW1711-1005$c20171206$lBLL01$h1818
=CAT  \\$aIPL-CLA$c20171231$lBLL01$h1649
=CAT  \\$aBATCH-UPD$b00$c20181217$lBLL01$h1629
=CAT  \\$aIPL-CLA$c20181231$lBLL01$h1543
=CAT  \\$aBATCH-UPD$b00$c20191122$lBLL01$h1842
=CAT  \\$aIPL-CLA$c20191231$lBLL01$h1937
=CAT  \\$aBATCH-UPD$b00$c20201118$lBLL01$h1324
=CAT  \\$aIPL-CLA$c20201231$lBLL01$h1529
=CAT  \\$aBATCH-UPD$b00$c20221121$lBLL01$h1319
=CAT  \\$aIPL-CLA$c20221231$lBLL01$h1446
=CAT  \\$aR2308-1440$c20230824$lBLL01$h0928
=CAT  \\$aIPL-CLA$c20230930$lBLL01$h0807
=CFI  0\$aCurrent copyright fee: GBP37.00$c2\0$e01-oct-2023$fGBP37.00$g0$hP$5Uk
=CFI  2\$aPrevious copyright fee: GBP37.00$c1\0$e01-jan-2023$fGBP37.00$g0$hP$5Uk
=EST  \\$a1
=FFP  \\$aY$bBLDSS-3PM
=FIN  \\$aY$d20051209
=FMT  \\$a  SE
=LAS  \\$aIPL-CLA$b00$c20230930$lBLL01$h0807
=LET  \0$aJournal of African cultural studies (Electronic)
=MNI  \\$a1369-6815
=SID  \\$aZ39$bOCLC
=TCO  \\$aCLA$bCLA$c008
=TOC  \\$aETOC

