=LDR  05640cas a2201225 a 4500
=001  013357083
=003  Uk
=005  20221231144657.0
=006  m\\\\\\\\d\\\\\\\\
=007  cr\|||||||||||
=008  990521c19709999enkmx\pss\\\\\0\\\a0eng\d
=010  \\$a2004263049
=015  \\$aGBA604945$2bnb
=022  0\$a1464-5319
=037  \\$aISSN_00207721$bPortico$nTaylor & Francis
=040  \\$aF#A$cF#A$dOCLCQ$dTXA$dUk
=042  \\$aukblsr
=050  14$aQA402$b.I55
=082  04$a003.3$222
=130  0\$aInternational journal of systems science (Online)
=210  0\$aInt. j. syst. sci.$b(Online)
=222  \0$aInternational journal of systems science$b(Online)
=245  10$aInternational journal of systems science$h[electronic resource].
=246  13$aIJSS
=260  \\$a[London] :$bTaylor & Francis
=310  \\$aSixteen times a year,$b2015-
=321  \\$aMonthly,$b2007-2014
=321  \\$aFifteen no. a year,$b2002-2006
=321  \\$aMonthly,$b-2001
=336  \\$atext$2rdacontent
=337  \\$acomputer$2rdamedia
=338  \\$aonline resource$2rdacarrier
=362  1\$aPrint began with July 1970 issue.
=500  \\$aSome issues also have theme title.
=500  \\$aDescription based on: Vol. 30, no. 1 (Jan. 1999); title from issue table of contents (MetaPress, viewed Nov. 15, 2004).
=500  \\$aLatest issue consulted: Volume 47, issue 7 (2016) (Taylor & Francis Online, viewed January 12, 2016).
=530  \\$aAlso issued in print.
=538  \\$aMode of access: World Wide Web.
=540  \\$aCurrent copyright fee: GBP43.00$c2\0$5Uk
=650  \0$aSystem analysis$vPeriodicals.
=776  1\$tInternational journal of systems science$x0020-7721
=780  05$tSystems analysis, modelling, simulation (Online)$x1029-4902
=787  0\$tInternational journal of systems science. Operations & logistics$x2330-2682
=852  41$aBritish Library$bHMNTS$jELD Digital store$3Volume 47:Issue 1(2016)-***Previous issues available in print copy
=852  41$aBritish Library$bDSC$j4542.693000$3Volume 37:Issue 1(2006)-Volume 42:Issue 12(2011)***See ESTAR for full holdings.
=856  \\$31850-9999$uhttp://www.tandfonline.com/$xBLDSS
=856  40$uhttp://www.tandf.co.uk/journals/titles/00207721.asp
=859  \\$aELD$bejournal
=945  \\$aINTERNATIONAL JOURNAL OF SYSTEMS SCIENCE.
=959  \\$fHeld but not currently received
=985  \\$aISSN responsibility taken by US ISSN Center (multinational agreement), August 2 2013.
=ACF  \\$aPrevious copyright fee: GBP21.00$c2\0$e01-jan-2010$fGBP21.00$g0$hP$5Uk
=ACF  \\$aPrevious copyright fee: GBP20.00$c2\0$e01-jan-2009$fGBP20.00$g0$hP$5Uk
=ACF  \\$aPrevious copyright fee: GBP19.00$c2\0$e01-apr-2008$fGBP19.00$g0$hP$5Uk
=ACF  \\$aPrevious copyright fee: GBP20.00$c2\0$e01-jan-2007$fGBP20.00$g0$hP$5Uk
=ACF  \\$aPrevious copyright fee: GBP18.00$c2\0$e01-jan-2005$fGBP18.00$g0$hP$5Uk
=ACF  \\$aPrevious copyright fee: GBP25.00$c2\0$e01-jan-2011$fGBP25.00$g0$hP$5Uk
=ACF  \\$aPrevious copyright fee: GBP27.00$c2\0$e01-jan-2012$fGBP27.00$g0$hP$5Uk
=ACF  \\$aPrevious copyright fee: GBP27.50$c2\0$e01-jan-2013$fGBP27.50$g0$hP$5Uk
=ACF  \\$aPrevious copyright fee: GBP28.00$c2\0$e01-jan-2014$fGBP28.00$g0$hP$5Uk
=ACF  \\$aPrevious copyright fee: GBP30.00$c2\0$e01-jan-2015$fGBP30.00$g0$hP$5Uk
=ACF  \\$aPrevious copyright fee: GBP34.00$c2\0$e01-jan-2016$fGBP34.00$g0$hP$5Uk
=ACF  \\$aPrevious copyright fee: GBP31.00$c2\0$e01-apr-2016$fGBP31.00$g0$hP$5Uk
=ACF  \\$aPrevious copyright fee: GBP33.00$c2\0$e01-jan-2017$fGBP33.00$g0$hP$5Uk
=ACF  \\$aPrevious copyright fee: GBP35.00$c2\0$e01-jan-2018$fGBP35.00$g0$hP$5Uk
=ACF  \\$aPrevious copyright fee: GBP37.00$c2\0$e01-jan-2019$fGBP37.00$g0$hP$5Uk
=ACF  \\$aPrevious copyright fee: GBP39.00$c2\0$e01-jan-2020$fGBP39.00$g0$hP$5Uk
=CAT  \\$a3072$b40$c20051209$lBLL01$h1155
=CAT  \\$aBATCH-UPD$b00$c20141124$lBLL01$h1753
=CAT  \\$aBLDSS-3PM$b00$c20141130$lBLL01$h1248
=CAT  \\$aIPL-CLA$c20141231$lBLL01$h1653
=CAT  \\$aBATCH-UPD$b00$c20151119$lBLL01$h1534
=CAT  \\$aIPL-CLA$c20151231$lBLL01$h1923
=CAT  \\$a8124$b40$c20160112$lBLL01$h0806
=CAT  \\$a8124$b40$c20160112$lBLL01$h0808
=CAT  \\$a8124$b40$c20160112$lBLL01$h0855
=CAT  \\$a8411$b40$c20160126$lBLL01$h1556
=CAT  \\$a5552$b40$c20160302$lBLL01$h1425
=CAT  \\$aIPL-CLA$c20160331$lBLL01$h1731
=CAT  \\$aBATCH-UPD$b00$c20160527$lBLL01$h1706
=CAT  \\$aBATCH-UPD$b00$c20161122$lBLL01$h1505
=CAT  \\$aIPL-CLA$c20161230$lBLL01$h2149
=CAT  \\$aBATCH-UPD$b00$c20171121$lBLL01$h1655
=CAT  \\$aW1711-1005$c20171206$lBLL01$h1818
=CAT  \\$aIPL-CLA$c20171231$lBLL01$h1649
=CAT  \\$aBATCH-UPD$b00$c20181217$lBLL01$h1644
=CAT  \\$aIPL-CLA$c20181231$lBLL01$h1543
=CAT  \\$aBATCH-UPD$b00$c20191122$lBLL01$h1906
=CAT  \\$aIPL-CLA$c20191231$lBLL01$h1937
=CAT  \\$aBATCH-UPD$b00$c20201118$lBLL01$h1340
=CAT  \\$aIPL-CLA$c20201231$lBLL01$h1529
=CAT  \\$aBATCH-UPD$b00$c20221121$lBLL01$h1339
=CAT  \\$aIPL-CLA$c20221231$lBLL01$h1446
=CFI  0\$aCurrent copyright fee: GBP43.00$c2\0$e01-jan-2023$fGBP43.00$g0$hP$5Uk
=CFI  2\$aPrevious copyright fee: GBP41.00$c2\0$e01-jan-2021$fGBP41.00$g0$hP$5Uk
=EST  \\$a1
=FFP  \\$aY$bBLDSS-3PM
=FIN  \\$aY$d20051209
=FMT  \\$a  SE
=LAS  \\$aIPL-CLA$b00$c20221231$lBLL01$h1446
=LET  \0$aInternational Journal of Systems Science (Electronic)
=MNI  \\$a0020-7721
=SID  \\$aZ39$bOCLC
=TCO  \\$aCLA$bCLA$c008
=TOC  \\$aETOC

