=LDR  06168cas a2201297 a 4500
=001  013357483
=003  Uk
=005  20230930080802.0
=006  m\\\\\\\\d\\\\\\\\
=007  cr|mnu||||||||
=008  001030c19829999enkqx\pss\\\\\0\\\a0eng\d
=010  \\$a2005263272
=015  \\$aGBA605055$2bnb
=022  0\$a1469-5928
=037  \\$aISSN_02619768$bPortico$nTaylor & Francis
=040  \\$aF#A$beng$cF#A$dOCLCQ$dCGU$dOCLCQ$dTXA$dOCLCQ$dUk
=041  0\$aeng$bfre$bger$bspa
=042  \\$aukblsr
=043  \\$ae------
=050  14$aLB1723$b.E95
=082  04$a370.71094$222
=130  0\$aEuropean journal of teacher education (Online)
=210  0\$aEur. j. teach. educ.$b(Online)
=222  \0$aEuropean journal of teacher education$b(Online)
=245  10$aEuropean journal of teacher education$h[electronic resource].
=260  \\$a[Abingdon, Oxfordshire] :$bCarfax International Publishers,$c[2000]-
=264  31$aAbingdon :$bRoutledge, Taylor & Francis
=310  \\$aFive times a year,$b2016-
=321  \\$aQuarterly,$b2006-2015
=321  \\$aThrice-annual
=336  \\$atext$2rdacontent
=337  \\$acomputer$2rdamedia
=338  \\$aonline resource$2rdacarrier
=362  1\$aPrint began with vol. 5, no. 1/2, published in 1982.
=500  \\$aDescription based on: Vol. 23, no. 1 (Mar. 2000); title from issue table of contents (MetaPress, viewed Nov. 22, 2005).
=515  \\$aSome numbers issued in combined form.
=538  \\$aMode of access: World Wide Web.
=540  \\$aCurrent copyright fee: GBP37.00$c2\0$5Uk
=546  \\$aArticles in English; summaries in English, French, German and Spanish.
=550  \\$aOfficial journal of the Association for Teacher Education in Europe.
=580  \\$aIncludes issues of earlier title: Revue ATEE.
=588  \\$aLatest issue consulted: volume 39, issue 1 (2016) (Taylor & Francis Online, viewed February 29, 2016).
=650  \0$aTeachers$xTraining of$zEurope$vPeriodicals.
=710  2\$aAssociation for Teacher Education in Europe.
=776  08$iAlso issued in print as:$tEuropean journal of teacher education (Print)$x0261-9768
=780  10$tRevue ATEE (Online)
=852  41$aBritish Library$bHMNTS$jELD Digital store$3Volume 39:Issue 1(2016)-***Previous issues available in print copy
=852  41$aBritish Library$bDSC$j3829.746000$3Volume 29:Issue 1(2006)-Volume 34:Issue 4(2011)***See ESTAR for full holdings.
=856  \\$31850-9999$uhttp://www.tandfonline.com/$xBLDSS
=856  40$uhttp://www.tandfonline.com/toc/cete20/current
=859  \\$aELD$bejournal
=945  \\$aEUROPEAN JOURNAL OF TEACHER EDUCATION.
=959  \\$fHeld but not currently received
=985  \\$aISSN note: responsibility for ISSN transferred from UKto US under multinational publisher agreement. 30.06.14.
=ACF  \\$aPrevious copyright fee: GBP17.00$c1\0$e01-jan-2010$fGBP17.00$g0$hP$5Uk
=ACF  \\$aPrevious copyright fee: GBP16.00$c1\0$e01-jan-2009$fGBP16.00$g0$hP$5Uk
=ACF  \\$aPrevious copyright fee: GBP15.00$c1\0$e01-apr-2008$fGBP15.00$g0$hP$5Uk
=ACF  \\$aPrevious copyright fee: GBP16.00$c1\0$e01-jan-2007$fGBP16.00$g0$hP$5Uk
=ACF  \\$aPrevious copyright fee: GBP13.00$c1\0$e01-jan-2005$fGBP13.00$g0$hP$5Uk
=ACF  \\$aPrevious copyright fee: GBP21.00$c1\0$e01-jan-2011$fGBP21.00$g0$hP$5Uk
=ACF  \\$aPrevious copyright fee: GBP23.00$c1\0$e01-jan-2012$fGBP23.00$g0$hP$5Uk
=ACF  \\$aPrevious copyright fee: GBP23.50$c1\0$e01-jan-2013$fGBP23.50$g0$hP$5Uk
=ACF  \\$aPrevious copyright fee: GBP24.00$c1\0$e01-jan-2014$fGBP24.00$g0$hP$5Uk
=ACF  \\$aPrevious copyright fee: GBP25.00$c1\0$e01-jan-2015$fGBP25.00$g0$hP$5Uk
=ACF  \\$aPrevious copyright fee: GBP26.00$c1\0$e01-jan-2016$fGBP26.00$g0$hP$5Uk
=ACF  \\$aPrevious copyright fee: GBP28.00$c1\0$e01-jan-2017$fGBP28.00$g0$hP$5Uk
=ACF  \\$aPrevious copyright fee: GBP30.00$c1\0$e01-jan-2018$fGBP30.00$g0$hP$5Uk
=ACF  \\$aPrevious copyright fee: GBP32.00$c1\0$e01-jan-2019$fGBP32.00$g0$hP$5Uk
=ACF  \\$aPrevious copyright fee: GBP34.00$c1\0$e01-jan-2020$fGBP34.00$g0$hP$5Uk
=ACF  \\$aPrevious copyright fee: GBP35.00$c1\0$e01-jan-2021$fGBP35.00$g0$hP$5Uk
=CAT  \\$a11187$b40$c20051210$lBLL01$h0902
=CAT  \\$aBATCH-UPD$b40$c20141124$lBLL01$h1742
=CAT  \\$aBLDSS-3PM$b00$c20141130$lBLL01$h1248
=CAT  \\$aIPL-CLA$c20141231$lBLL01$h1653
=CAT  \\$aBATCH-UPD$b00$c20151119$lBLL01$h1521
=CAT  \\$aIPL-CLA$c20151231$lBLL01$h1923
=CAT  \\$a8464$b40$c20160120$lBLL01$h1451
=CAT  \\$a8464$b40$c20160204$lBLL01$h1408
=CAT  \\$a8464$b40$c20160204$lBLL01$h1409
=CAT  \\$a11205$b40$c20160229$lBLL01$h1704
=CAT  \\$aBATCH-UPD$b40$c20160603$lBLL01$h2107
=CAT  \\$aBATCH-UPD$b40$c20161122$lBLL01$h1443
=CAT  \\$aIPL-CLA$c20161230$lBLL01$h2149
=CAT  \\$aBATCH-UPD$b00$c20171121$lBLL01$h1623
=CAT  \\$aW1711-1005$c20171206$lBLL01$h1818
=CAT  \\$aIPL-CLA$c20171231$lBLL01$h1649
=CAT  \\$aBATCH-UPD$b00$c20181217$lBLL01$h1629
=CAT  \\$aIPL-CLA$c20181231$lBLL01$h1543
=CAT  \\$aBATCH-UPD$b00$c20191122$lBLL01$h1842
=CAT  \\$aIPL-CLA$c20191231$lBLL01$h1937
=CAT  \\$aBATCH-UPD$b00$c20201118$lBLL01$h1324
=CAT  \\$aIPL-CLA$c20201231$lBLL01$h1529
=CAT  \\$aBATCH-UPD$b00$c20221121$lBLL01$h1319
=CAT  \\$aIPL-CLA$c20221231$lBLL01$h1446
=CAT  \\$aR2308-1440$c20230824$lBLL01$h0928
=CAT  \\$aIPL-CLA$c20230930$lBLL01$h0808
=CFI  0\$aCurrent copyright fee: GBP37.00$c2\0$e01-oct-2023$fGBP37.00$g0$hP$5Uk
=CFI  2\$aPrevious copyright fee: GBP37.00$c1\0$e01-jan-2023$fGBP37.00$g0$hP$5Uk
=EST  \\$a1
=FFP  \\$aY$bBLDSS-3PM
=FIN  \\$aY$d20051210
=FMT  \\$a  SE
=LAS  \\$aIPL-CLA$b00$c20230930$lBLL01$h0808
=LEO  \\$aMP22.0000063469
=LET  \0$aEuropean journal of teacher education (Electronic)
=LKR  \\$aPAR$b007858794$lBLL01$nEuropean journal of teacher education (Print)$mEuropean journal of teacher education (Online)$r776
=MNI  \\$a0261-9768
=SID  \\$aZ39$bOCLC
=SRC  \\$aISN01$bbibmp22.200404.2.aa
=TCO  \\$aCLA$bCLA$c008
=TOC  \\$aETOC

