=LDR  05130cas a2201105 a 4500
=001  013357499
=003  Uk
=005  20221231144659.0
=006  m\\\\\\\\d\\\\\\\\
=007  cr\|||||||||||
=008  050330c20019999enktr\p\s\\\\\0\\\a0eng\d
=015  \\$aGBA605081$2bnb
=022  \\$a1743-9094
=037  \\$aISSN_14662043$bPortico$nTaylor & Francis
=040  \\$aOUN$cOUN$dOCL$dMUQ$dUk
=043  \\$ab------
=082  04$a320.9171241$222
=130  0\$aCommonwealth & comparative politics (Online)
=222  \0$aCommonwealth and comparative politics$b(Online)
=245  10$aCommonwealth & comparative politics$h[electronic resource].
=260  \\$aLondon :$bFrank Cass.
=260  3\$a[London ;$aPhiladelphia] :$bRoutledge :$bTaylor & Francis,$c[2001]-
=310  \\$aThree issues yearly
=336  \\$atext$2rdacontent
=337  \\$acomputer$2rdamedia
=338  \\$aonline resource$2rdacarrier
=500  \\$aDescription based on Mar. 30, 2005 viewing.
=530  \\$aAlso issued in print.
=538  \\$aMode of access: World Wide Web; may require Adobe Acrobat Reader.
=540  \\$aCurrent copyright fee: GBP37.00$c2\0$5Uk
=650  \0$aComparative government$vPeriodicals.
=650  \6$aInstitutions politiques comparées$vPériodiques.
=776  1\$tCommonwealth & comparative politics$x1466-2043
=780  00$tJournal of commonwealth & comparative politics$x0306-3631
=852  41$aBritish Library$bHMNTS$jELD Digital store$3Volume 53:Issue 1(2015)-
=852  41$aBritish Library$bDSC$j3339.426700$3Volume 44:Number 1(2006)-Volume 49:Issue 4(2011)***See ESTAR for full holdings.
=856  \\$31850-9999$uhttp://www.tandfonline.com/$xBLDSS
=856  4\$uhttp://www.ingenta.com/isis/browsing/AllIssues/ingenta;jsessionid=1cqlrh7kdrog0.crescent?journal=pubinfobike://fcp/ccp&startyear=2003
=856  40$uhttp://www.tandfonline.com/toc/fccp20/current
=859  \\$aELD$bejournal
=945  \\$aCOMMONWEALTH AND COMPARATIVE POLITICS.
=959  \\$fHeld but not currently received
=985  \\$aISSN responsibility taken by US ISSN Center (multinational publisher), August 14 2013.
=ACF  \\$aPrevious copyright fee: GBP17.00$c2\0$e01-jan-2010$fGBP17.00$g0$hP$5Uk
=ACF  \\$aPrevious copyright fee: GBP16.00$c2\0$e01-jan-2009$fGBP16.00$g0$hP$5Uk
=ACF  \\$aPrevious copyright fee: GBP15.00$c2\0$e01-apr-2008$fGBP15.00$g0$hP$5Uk
=ACF  \\$aPrevious copyright fee: GBP16.00$c2\0$e01-jan-2007$fGBP16.00$g0$hP$5Uk
=ACF  \\$aPrevious copyright fee: GBP13.00$c2\0$e01-jan-2005$fGBP13.00$g0$hP$5Uk
=ACF  \\$aPrevious copyright fee: GBP21.00$c2\0$e01-jan-2011$fGBP21.00$g0$hP$5Uk
=ACF  \\$aPrevious copyright fee: GBP23.00$c2\0$e01-jan-2012$fGBP23.00$g0$hP$5Uk
=ACF  \\$aPrevious copyright fee: GBP23.50$c2\0$e01-jan-2013$fGBP23.50$g0$hP$5Uk
=ACF  \\$aPrevious copyright fee: GBP24.00$c2\0$e01-jan-2014$fGBP24.00$g0$hP$5Uk
=ACF  \\$aPrevious copyright fee: GBP25.00$c2\0$e01-jan-2015$fGBP25.00$g0$hP$5Uk
=ACF  \\$aPrevious copyright fee: GBP26.00$c2\0$e01-jan-2016$fGBP26.00$g0$hP$5Uk
=ACF  \\$aPrevious copyright fee: GBP28.00$c2\0$e01-jan-2017$fGBP28.00$g0$hP$5Uk
=ACF  \\$aPrevious copyright fee: GBP30.00$c2\0$e01-jan-2018$fGBP30.00$g0$hP$5Uk
=ACF  \\$aPrevious copyright fee: GBP32.00$c2\0$e01-jan-2019$fGBP32.00$g0$hP$5Uk
=ACF  \\$aPrevious copyright fee: GBP34.00$c2\0$e01-jan-2020$fGBP34.00$g0$hP$5Uk
=CAT  \\$a11281$b40$c20051210$lBLL01$h0959
=CAT  \\$a11313$b40$c20130814$lBLL01$h0813
=CAT  \\$aBATCH-UPD$b40$c20131119$lBLL01$h2000
=CAT  \\$aIPL-CLA$c20131231$lBLL01$h2357
=CAT  \\$aBATCH-UPD$b00$c20141124$lBLL01$h1803
=CAT  \\$aBLDSS-3PM$b00$c20141130$lBLL01$h1249
=CAT  \\$aIPL-CLA$c20141231$lBLL01$h1653
=CAT  \\$aBATCH-UPD$b00$c20151119$lBLL01$h1543
=CAT  \\$a8483$b40$c20151217$lBLL01$h1412
=CAT  \\$a8483$b40$c20151218$lBLL01$h0907
=CAT  \\$aIPL-CLA$c20151231$lBLL01$h1923
=CAT  \\$a11433$b40$c20160123$lBLL01$h1420
=CAT  \\$aBATCH-UPD$b40$c20160726$lBLL01$h0815
=CAT  \\$aBATCH-UPD$b40$c20161122$lBLL01$h1512
=CAT  \\$aIPL-CLA$c20161230$lBLL01$h2149
=CAT  \\$aBATCH-UPD$b00$c20171121$lBLL01$h1647
=CAT  \\$aW1711-1005$c20171206$lBLL01$h1818
=CAT  \\$aIPL-CLA$c20171231$lBLL01$h1649
=CAT  \\$aBATCH-UPD$b00$c20181217$lBLL01$h1638
=CAT  \\$aIPL-CLA$c20181231$lBLL01$h1543
=CAT  \\$aBATCH-UPD$b00$c20191122$lBLL01$h1900
=CAT  \\$aIPL-CLA$c20191231$lBLL01$h1937
=CAT  \\$aBATCH-UPD$b00$c20201118$lBLL01$h1334
=CAT  \\$aIPL-CLA$c20201231$lBLL01$h1529
=CAT  \\$aBATCH-UPD$b00$c20221121$lBLL01$h1347
=CAT  \\$aIPL-CLA$c20221231$lBLL01$h1446
=CFI  0\$aCurrent copyright fee: GBP37.00$c2\0$e01-jan-2023$fGBP37.00$g0$hP$5Uk
=CFI  2\$aPrevious copyright fee: GBP35.00$c2\0$e01-jan-2021$fGBP35.00$g0$hP$5Uk
=EST  \\$a1
=FFP  \\$aY$bBLDSS-3PM
=FIN  \\$aY$d20051210
=FMT  \\$a  SE
=LAS  \\$aIPL-CLA$b00$c20221231$lBLL01$h1446
=MNI  \\$a1466-2043
=SID  \\$aZ39$bOCLC
=TCO  \\$aCLA$bCLA$c008
=TOC  \\$aETOC

