=LDR  05098cas a2201141 a 4500
=001  013357563
=003  Uk
=005  20230930080804.0
=006  m\\\\\\\\d\\\\\\\\
=007  cr\|||||||||||
=008  021218c19899999enkqx\pss\\\\\0\\\a0eng\d
=015  \\$aGBA605157$2bnb
=022  \\$a1471-1753$y0954-6634
=037  \\$aISSN_09546634_98$bPortico$nInforma Healthcare
=037  3\$aISSN_09546634$bPortico$nTaylor & Francis
=040  \\$aHUA$cHUA$dOCLCQ$dTXU$dOCL$dUk
=042  \\$aukblsr
=082  04$a616.5$222
=130  0\$aJournal of dermatological treatment (Online)
=210  0\$aJ. derm. treat.$b(Online)
=222  \0$aJournal of dermatological treatment$b(Online)
=245  14$aThe Journal of dermatological treatment$h[electronic resource].
=260  \\$aBoston, Mass. :$bEBSCO Pub.,$c[2000]-
=260  2\$aBasingstoke :$bTaylor & Francis
=260  3\$a[London] :$bInforma Healthcare
=310  \\$aFour no. a year
=336  \\$atext$2rdacontent
=337  \\$acomputer$2rdamedia
=338  \\$aonline resource$2rdacarrier
=362  1\$aPrint began with: Vol. 1, no. 1 (June 1989).
=500  \\$aDescription based on: Mar. 1999 (viewed, Dec. 11, 2002).
=530  \\$aAlso issued in print.
=538  \\$aMode of access: World Wide Web.
=540  \\$aCurrent copyright fee: GBP46.00$c2\0$5Uk
=588  \\$aLatest issue consulted: Vol. 22, no. 1 (Feb. 2011) (Informa Healthcare, viewed Feb. 15, 2011).
=650  \0$aSkin$xDiseases$xTreatment$vPeriodicals.
=650  \2$aSkin Diseases$xdrug therapy$vPeriodicals.
=650  \2$aSkin Diseases$xtherapy$vPeriodicals.
=776  1\$tJournal of dermatological treatment$x0954-6634
=852  41$aBritish Library$bHMNTS$jELD Digital store$3Volume 24:Number 2(2013:Apr.)-***Previous issues available in print copy
=852  41$aBritish Library$bDSC$j4968.767000$3Volume 17:Issue 1(2006)-Volume 22:Issue 6(2011)***See ESTAR for full holdings.
=856  \\$31850-9999$uhttp://informahealthcare.com$xBLDSS
=856  40$uhttp://informahealthcare.com/loi/jdt
=859  \\$aELD$bejournal
=945  \\$aJournal of dermatological treatment
=959  \\$fHeld but not currently received
=985  \\$aISSN responsibility taken by United States ISSN Center (multinational publisher), 23.10.2013.
=ACF  \\$aPrevious copyright fee: GBP19.00$c2\0$e01-apr-2008$fGBP19.00$g0$hP$5Uk
=ACF  \\$aPrevious Copyright Fee: GBP20.00$c2\0$e01-jan-2007$fGBP20.00$g0$hP$5Uk
=ACF  \\$aPrevious Copyright Fee: GBP18.00$c0$e01-jan-2006$fGBP18.00$g0$hC$5Uk
=ACF  \\$aPrevious Copyright Fee: GBP18.00$c0$e01-oct-2005$fGBP18.00$g0$hC$5Uk
=ACF  \\$aCurrent copyright fee: GBP20.00$c2\0$e01-jan-2009$fGBP20.00$g0$hP$5Uk
=ACF  \\$aPrevious copyright fee: GBP57.00$c45\0$e10-nov-2009$fGBP57.00$g0$hP$5Uk
=ACF  \\$aPrevious copyright fee: GBP33.00$c45\0$e01-apr-2015$fGBP33.00$g0$hP$5Uk
=ACF  \\$aPrevious copyright fee: GBP34.00$c45\0$e01-jan-2016$fGBP34.00$g0$hP$5Uk
=ACF  \\$aPrevious copyright fee: GBP36.00$c45\0$e01-jan-2017$fGBP36.00$g0$hP$5Uk
=ACF  \\$aPrevious copyright fee: GBP38.00$c45\0$e01-jan-2018$fGBP38.00$g0$hP$5Uk
=ACF  \\$aPrevious copyright fee: GBP40.00$c45\0$e01-jan-2019$fGBP40.00$g0$hP$5Uk
=ACF  \\$aPrevious copyright fee: GBP44.00$c45\0$e26-jan-2021$fGBP44.00$g0$hP$5Uk
=CAT  \\$a11281$b40$c20051210$lBLL01$h1423
=CAT  \\$aWR14_009$c20140204$lBLL01$h2347
=CAT  \\$aBLDSS-3PM$b00$c20141121$lBLL01$h1802
=CAT  \\$a5552$b40$c20150209$lBLL01$h1435
=CAT  \\$aIPL-CLA$c20150331$lBLL01$h1642
=CAT  \\$aBATCH-UPD$b00$c20151119$lBLL01$h1559
=CAT  \\$a14448$b40$c20151205$lBLL01$h1021
=CAT  \\$aIPL-CLA$c20151231$lBLL01$h1923
=CAT  \\$a14448$b40$c20160204$lBLL01$h0957
=CAT  \\$a14448$b40$c20160205$lBLL01$h0953
=CAT  \\$a11433$b40$c20160418$lBLL01$h1552
=CAT  \\$aBATCH-UPD$b40$c20160522$lBLL01$h2348
=CAT  \\$aBATCH-UPD$b40$c20160524$lBLL01$h2148
=CAT  \\$aBATCH-UPD$b40$c20161122$lBLL01$h1538
=CAT  \\$aIPL-CLA$c20161230$lBLL01$h2149
=CAT  \\$aBATCH-UPD$b00$c20171121$lBLL01$h1718
=CAT  \\$aW1711-1005$c20171206$lBLL01$h1818
=CAT  \\$aIPL-CLA$c20171231$lBLL01$h1649
=CAT  \\$aBATCH-UPD$b00$c20181217$lBLL01$h1705
=CAT  \\$aIPL-CLA$c20181231$lBLL01$h1543
=CAT  \\$aBATCH-UPD$b00$c20210126$lBLL01$h1323
=CAT  \\$aIPL-CLA$c20210126$lBLL01$h1447
=CAT  \\$aBATCH-UPD$b00$c20221121$lBLL01$h1423
=CAT  \\$aIPL-CLA$c20221231$lBLL01$h1447
=CAT  \\$aR2308-1440$c20230824$lBLL01$h0928
=CAT  \\$aIPL-CLA$c20230930$lBLL01$h0808
=CFI  0\$aCurrent copyright fee: GBP46.00$c2\0$e01-oct-2023$fGBP46.00$g0$hP$5Uk
=CFI  2\$aPrevious copyright fee: GBP46.00$c45\0$e01-jan-2023$fGBP46.00$g0$hP$5Uk
=EST  \\$a1
=FFP  \\$aY$bBLDSS-3PM
=FIN  \\$aY$d20051210
=FMT  \\$a  SE
=LAS  \\$aIPL-CLA$b00$c20230930$lBLL01$h0808
=LEO  \\$aMP22.0000064644
=MNI  \\$a0954-6634
=SID  \\$aZ39$bOCLC
=SRC  \\$aISN01$bbibmp22.200404.2.aa
=TCO  \\$aTRS$bCCC$c008
=TOC  \\$aETOC

