=LDR  05174cas a2201201 a 4500
=001  013357568
=003  Uk
=005  20221209110226.0
=006  m\\\\\o\\d\\\\\\\\
=007  cr\mnu||||||||
=008  020506c19999999enkqr\pso\\\\\0\\\a0eng\d
=015  \\$aGBA605160$2bnb
=022  0\$a1477-2574$l1365-182X$y1365-182X
=037  \\$aISSN_1365182X_2$bPortico$nWiley
=037  3\$aISSN_1365182X_8$bPortico$nElsevier
=040  \\$aF#A$beng$cF#A$dOCLCQ$dVAM$dOCLCS$dUk
=042  \\$aukblsr
=082  04$a616.362005$222
=130  0\$aHPB (Online)
=210  0\$aHPB$b(Lond. Online)
=222  \0$aHPB$b(London. Online)
=245  10$aHPB$h[electronic resource].
=246  3\$aHepato-Pancreato-Biliary
=260  \\$a[London] :$bMartin Dunitz Ltd.,$c[2000]-
=260  2\$aBasingstoke :$bTaylor & Francis
=260  2\$a[S.l.] :$bWiley-Blackwell
=264  31$32016-$a[Chichester?] :$bElsevier
=310  \\$aQuarterly
=336  \\$atext$2rdacontent
=337  \\$acomputer$2rdamedia
=338  \\$aonline resource$2rdacarrier
=362  1\$aPrint began with vol. 1, no. 1 (1999).
=500  \\$aDescription based on: Vol. 3, no. 1 (Mar. 2001); title from journal information screen (viewed Apr. 29, 2002).
=500  \\$aLatest issue consulted: Volume 19, issue 3 (March 2017) (ScienceDirect, viewed March 22, 2017).
=530  \\$aAlso issued in print.
=538  \\$aMode of access: World Wide Web.
=540  \\$aCurrent copyright fee: GBP34.30$c5\1$5Uk
=550  \\$aThe official journal of the International Hepato Pancreato Biliary Association.
=650  \0$aLiver$xDiseases$vPeriodicals.
=650  \0$aBiliary tract$xDiseases$vPeriodicals.
=650  \0$aPancreas$xDiseases$vPeriodicals.
=710  2\$aInternational Hepato-Pancreato-Biliary Association.
=776  1\$tHPB$x1365-182X
=852  41$aBritish Library$bDSC$j4335.262340$3Volume 8:Issue 1(2006)-Volume 19:Issue 12(2017)***See ESTAR for full holdings.
=852  41$aBritish Library$bSTI$jELD Digital store$3Volume 15:Issue 1(2013:Jan.)-***Previous issues available in print copy
=856  \\$31850-9999$uhttp://onlinelibrary.wiley.com/$xBLDSS
=856  40$uhttps://www.journals.elsevier.com/hpb/
=856  40$uhttp://www.hpbonline.org/current
=856  40$uhttp://onlinelibrary.wiley.com/journal/10.1111/(ISSN)1477-2574
=859  \\$aELD$bejournal
=945  \\$aHPB -Oxford-
=959  \\$fHeld but not currently received
=979  \\$aBritish Library$bDSC$j4335.262340
=985  \\$aCONFERENCE ANALYTIC RECORDS EXIST
=985  \\$aResponsibility for ISSN transferred to ISSN Netherlands Centre from the ISSN UK Centre, August 2, 2017.
=ACF  \\$aCurrent copyright fee: GBP17.00$c35\0$e01-jan-2009$fGBP17.00$g0$hP$5Uk
=ACF  \\$aPrevious copyright fee: GBP19.00$c2\0$e09-oct-2008$fGBP19.00$g0$hP$5Uk
=ACF  \\$aPrevious Copyright Fee: GBP18.00$c0$e01-oct-2005$fGBP18.00$g0$hC$5Uk
=ACF  \\$aPrevious copyright fee: GBP17.00$c10\0$e07-jun-2010$fGBP17.00$g0$hP$5Uk
=ACF  \\$aPrevious copyright fee: GBP24.00$c10\0$e01-mar-2015$fGBP24.00$g0$hP$5Uk
=ACF  \\$aPrevious copyright fee: GBP22.00$c10\0$e01-jan-2011$fGBP22.00$g0$hP$5Uk
=ACF  \\$aPrevious copyright fee: GBP22.50$c5\1$e11-dec-2015$fGBP22.50$g0$hP$5Uk
=ACF  \\$aPrevious copyright fee: GBP23.40$c5\1$e01-jan-2018$fGBP23.40$g0$hP$5Uk
=CAT  \\$a11281$b40$c20051210$lBLL01$h1454
=CAT  \\$a8874$b40$c20130520$lBLL01$h1121
=CAT  \\$aWR13.114$c20130717$lBLL01$h1313
=CAT  \\$aBATCH-PORT$c20130829$lBLL01$h1113
=CAT  \\$aWR14_009$c20140204$lBLL01$h2343
=CAT  \\$a10934$b40$c20141103$lBLL01$h1607
=CAT  \\$aBLDSS-3PM$b00$c20141214$lBLL01$h1523
=CAT  \\$aBATCH-UPD$b00$c20150215$lBLL01$h1627
=CAT  \\$aIPL-CLA$c20150228$lBLL01$h2050
=CAT  \\$a8335$b40$c20150915$lBLL01$h1048
=CAT  \\$a5552$b40$c20151211$lBLL01$h0910
=CAT  \\$aBATCH-UPD$b40$c20160617$lBLL01$h1210
=CAT  \\$a10983$b40$c20161114$lBLL01$h1208
=CAT  \\$a10806$b40$c20161122$lBLL01$h1306
=CAT  \\$a8124$b40$c20170322$lBLL01$h1445
=CAT  \\$a10806$b40$c20170731$lBLL01$h1400
=CAT  \\$a11205$b40$c20170802$lBLL01$h1209
=CAT  \\$aBATCH-UPD$b40$c20171121$lBLL01$h1745
=CAT  \\$aW1711-1005$c20171206$lBLL01$h1818
=CAT  \\$aIPL-CLA$c20171231$lBLL01$h1649
=CAT  \\$aW1805-0471$c20180520$lBLL01$h1139
=CAT  \\$aBATCH-UPD$b00$c20190521$lBLL01$h1437
=CAT  \\$aIPL-CLA$c20190630$lBLL01$h1535
=CAT  \\$aBATCH-UPD$b00$c20211119$lBLL01$h1554
=CAT  \\$aIPL-CLA$c20211231$lBLL01$h1543
=CAT  \\$a5410$b40$c20221209$lBLL01$h1102
=CFI  0\$aCurrent copyright fee: GBP34.30$c5\1$e01-jan-2022$fGBP34.30$g0$hP$5Uk
=CFI  2\$aPrevious copyright fee: GBP32.84$c5\1$e01-jul-2019$fGBP32.84$g0$hP$5Uk
=EST  \\$a1
=FFP  \\$aY$bBLDSS-3PM
=FIN  \\$aY$d20051210
=FMT  \\$a  SE
=LAS  \\$a5410$b40$c20221209$lBLL01$h1102
=LEO  \\$aMP22.0000069080
=LKR  \\$aPAR$b009207052$lBLL01$nHPB (Print)$mHPB (Online)$r776
=MNI  \\$a1365-182X
=SID  \\$aZ39$bOCLC
=SRC  \\$aISN01$bbibmp22.200404.2.aa
=TCO  \\$aCLA$bCLA$c008
=TOC  \\$aETOC

