=LDR  05795cas a2201225 a 4500
=001  013357576
=003  Uk
=005  20230930080805.0
=006  m\\\\\\\\d\\\\\\\\
=007  cr\|||||||||||
=008  000913c19999999enkqr\pss\\\\\0\\\a0eng\d
=015  \\$aGBA605169$2bnb
=022  0\$a1469-9893$y1461-3808
=035  \\$a(ICU)hz5362382
=037  \\$aISSN_14613808$bPortico$nTaylor & Francis
=040  \\$aF#A$cF#A$dOCLCQ$dLVB$dOCLCQ$dICU$dUk
=042  \\$aukblsr
=082  04$a780.72$223
=130  0\$aMusic education research (Online)
=210  0\$aMusic educ. res.$b(Online)
=222  \0$aMusic education research$b(Online)
=245  10$aMusic education research$h[electronic resource].
=260  \\$a[Abingdon, Oxfordshire] :$bCarfax International Publishers
=264  31$a[Abingdon] :$bRoutledge, Taylor & Francis Group
=310  \\$aQuarterly,$b2008-
=321  \\$aThree times a year,$b2003-2007
=321  \\$aSemiannual,$b-2002
=336  \\$atext$2rdacontent
=337  \\$acomputer$2rdamedia
=338  \\$aonline resource$2rdacarrier
=362  1\$aPrint began with vol. 1, no. 1 (Mar. 1999).
=500  \\$aDescription based on: Vol. 2, no. 1 (Mar. 2000); title from journal information screen (viewed Aug. 30, 2000).
=530  \\$aAlso issued in print.
=538  \\$aMode of access: World Wide Web.
=540  \\$aCurrent copyright fee: GBP37.00$c2\0$5Uk
=588  \\$aLatest issue consulted: volume 18, issue 2 (2016), Taylor & Francis Online viewed May 5, 2016.
=650  \0$aMusic$xInstruction and study$vPeriodicals.
=650  \0$aMusic$xInstruction and study$xResearch$vPeriodicals.
=650  \6$aMusique$xÉtude et enseignement$vPériodiques.
=650  \6$aMusique$xÉtude et enseignement$xRecherche$vPériodiques.
=776  0\$tMusic education research$x1461-3808
=852  41$aBritish Library$bHMNTS$jELD Digital store$3Volume 18:Number 1(2016)-
=852  41$aBritish Library$bDSC$j5990.257000$3Volume 8:Issue 1(2006)-Volume 13:Issue 4(2011)***See ESTAR for full holdings.
=856  \\$31850-9999$uhttp://www.tandfonline.com/$xBLDSS
=856  40$uhttp://www.tandfonline.com/loi/cmue20#.VysWYVL2aic
=856  40$uhttp://journalsonline.tandf.co.uk/app/home/journal.asp?wasp=8a204a2e5ac249eab141898eecbb5d32&referrer=parent&backto=searchpublicationsresults,1,1;homemain,1,1;
=859  \\$aELD$bejournal
=945  \\$aMusic education research
=959  \\$fHeld but not currently received
=979  \\$aBritish Library$bDSC$j5990.257000
=985  \\$aISSN note: responsibility for ISSN transferred from ISSN UK Centre to US ISSN Center under a multinational publisher agreement. 19.06.14
=ACF  \\$aPrevious copyright fee: GBP17.00$c1\0$e01-jan-2010$fGBP17.00$g0$hP$5Uk
=ACF  \\$aPrevious copyright fee: GBP16.00$c1\0$e01-jan-2009$fGBP16.00$g0$hP$5Uk
=ACF  \\$aPrevious copyright fee: GBP15.00$c1\0$e01-apr-2008$fGBP15.00$g0$hP$5Uk
=ACF  \\$aPrevious copyright fee: GBP16.00$c1\0$e01-jan-2007$fGBP16.00$g0$hP$5Uk
=ACF  \\$aPrevious Copyright Fee: GBP13.00$c1\0$e01-jan-2006$fGBP13.00$g0$hP$5Uk
=ACF  \\$aPrevious copyright fee: GBP21.00$c1\0$e01-jan-2011$fGBP21.00$g0$hP$5Uk
=ACF  \\$aPrevious copyright fee: GBP23.00$c1\0$e01-jan-2012$fGBP23.00$g0$hP$5Uk
=ACF  \\$aPrevious copyright fee: GBP23.50$c1\0$e01-jan-2013$fGBP23.50$g0$hP$5Uk
=ACF  \\$aPrevious copyright fee: GBP24.00$c1\0$e01-jan-2014$fGBP24.00$g0$hP$5Uk
=ACF  \\$aPrevious copyright fee: GBP25.00$c1\0$e01-jan-2015$fGBP25.00$g0$hP$5Uk
=ACF  \\$aPrevious copyright fee: GBP26.00$c1\0$e01-jan-2016$fGBP26.00$g0$hP$5Uk
=ACF  \\$aPrevious copyright fee: GBP28.00$c1\0$e01-jan-2017$fGBP28.00$g0$hP$5Uk
=ACF  \\$aPrevious copyright fee: GBP30.00$c1\0$e01-jan-2018$fGBP30.00$g0$hP$5Uk
=ACF  \\$aPrevious copyright fee: GBP32.00$c1\0$e01-jan-2019$fGBP32.00$g0$hP$5Uk
=ACF  \\$aPrevious copyright fee: GBP34.00$c1\0$e01-jan-2020$fGBP34.00$g0$hP$5Uk
=ACF  \\$aPrevious copyright fee: GBP35.00$c1\0$e01-jan-2021$fGBP35.00$g0$hP$5Uk
=CAT  \\$a6537$b40$c20051211$lBLL01$h0814
=CAT  \\$aIPL-CLA$c20141231$lBLL01$h1653
=CAT  \\$aBATCH-UPD$b00$c20151119$lBLL01$h1521
=CAT  \\$aIPL-CLA$c20151231$lBLL01$h1923
=CAT  \\$a8311$b40$c20160109$lBLL01$h0726
=CAT  \\$a14412$b40$c20160201$lBLL01$h1207
=CAT  \\$a11433$b40$c20160418$lBLL01$h1226
=CAT  \\$a11315$b40$c20160505$lBLL01$h1047
=CAT  \\$aBATCH-UPD$b40$c20160726$lBLL01$h0748
=CAT  \\$aBATCH-UPD$b40$c20161122$lBLL01$h1443
=CAT  \\$aIPL-CLA$c20161230$lBLL01$h2149
=CAT  \\$aBATCH-UPD$b00$c20171121$lBLL01$h1623
=CAT  \\$aW1711-1005$c20171206$lBLL01$h1818
=CAT  \\$aIPL-CLA$c20171231$lBLL01$h1649
=CAT  \\$aBATCH-UPD$b00$c20181217$lBLL01$h1629
=CAT  \\$aIPL-CLA$c20181231$lBLL01$h1543
=CAT  \\$aBATCH-UPD$b00$c20191122$lBLL01$h1842
=CAT  \\$aIPL-CLA$c20191231$lBLL01$h1937
=CAT  \\$a5410$b40$c20200909$lBLL01$h0829
=CAT  \\$aBATCH-UPD$b40$c20201118$lBLL01$h1324
=CAT  \\$aIPL-CLA$c20201231$lBLL01$h1529
=CAT  \\$a5410$b40$c20221021$lBLL01$h0833
=CAT  \\$aBATCH-UPD$b40$c20221121$lBLL01$h1319
=CAT  \\$aIPL-CLA$c20221231$lBLL01$h1447
=CAT  \\$aR2308-1440$c20230824$lBLL01$h0928
=CAT  \\$aIPL-CLA$c20230930$lBLL01$h0808
=CFI  0\$aCurrent copyright fee: GBP37.00$c2\0$e01-oct-2023$fGBP37.00$g0$hP$5Uk
=CFI  2\$aPrevious copyright fee: GBP37.00$c1\0$e01-jan-2023$fGBP37.00$g0$hP$5Uk
=EST  \\$a1
=FFP  \\$aY$bBLDSS-3PM
=FIN  \\$aY$d20051211
=FMT  \\$a  SE
=LAS  \\$aIPL-CLA$b00$c20230930$lBLL01$h0808
=LET  \0$aMusic education research (Electronic)
=MNI  \\$a1461-3808
=SID  \\$aZ39$bRLG
=TCO  \\$aCLA$bCLA$c008
=TOC  \\$aETOC

