=LDR  05522cas a2201201 i 4500
=001  013357585
=003  Uk
=005  20221231144701.0
=006  m\\\\\\\\d\\\\\\\\
=007  cr\|||||||||||
=008  990521c19919999enkbr\pss\\\\\0\\\a0eng\d
=015  \\$aGBA605177$2bnb
=022  0\$a1464-0694$y0960-2011
=035  \\$a(ICU)hz5373317
=037  \\$aISSN_09602011$bPortico$nTaylor & Francis
=040  \\$aF#A$cF#A$dOCLCQ$dICU$dUk
=042  \\$aukblsr
=082  04$a617.4810443$223
=130  0\$aNeuropsychological rehabilitation (Online)
=210  0\$aNeuropsychol. rehabil.$b(Online)
=222  \0$aNeuropsychological rehabilitation$b(Online)
=245  10$aNeuropsychological rehabilitation$h[electronic resource].
=260  \\$a[London] :$bTaylor & Francis
=310  \\$aBimonthly,$b2006-
=321  \\$aFive times a year,$b2000-2005
=321  \\$aFour issues yearly,$b-1999
=336  \\$atext$2rdacontent
=337  \\$acomputer$2rdamedia
=338  \\$aonline resource$2rdacarrier
=362  1\$aPrint began with vol. 1, issue 1, published in 1991.
=530  \\$aAlso issued in print.
=538  \\$aMode of access: World Wide Web.
=540  \\$aCurrent copyright fee: GBP37.00$c2\0$5Uk
=588  \\$aDescription based on: Vol. 6, no. 1 (1996); title from journal information screen (viewed May 17, 1999).
=588  \\$aLatest issue consulted: volume 26, issue 4 (2016); Taylor & Francis Online viewed May 10, 2016.
=650  \0$aBrain damage$xPatients$xRehabilitation$vPeriodicals.
=650  \0$aClinical neuropsychology$vPeriodicals.
=776  0\$tNeuropsychological rehabilitation$x0960-2011
=852  41$aBritish Library$bSTI$jELD Digital store$3Volume 26:Issue 1(2016)-
=852  41$aBritish Library$bDSC$j6081.551000$3Volume 16:Issue 1(2006)-Volume 21:Issue 6(2011)***See ESTAR for full holdings.
=856  \\$31850-9999$uhttp://www.tandfonline.com/$xBLDSS
=856  40$uhttp://www.tandfonline.com/loi/pnrh20#.VzGeqFL2aic
=859  \\$aELD$bejournal
=945  \\$aNeuropsychological rehabilitation
=959  \\$fHeld but not currently received
=979  \\$aBritish Library$bDSC$j6081.551000
=985  \\$aISSN note: responsibility for ISSN transferred from ISSN UK to US ISSN Center under multinational publisher agreement, August 22, 2014.
=ACF  \\$aPrevious copyright fee: GBP21.00$c2\0$e01-jan-2010$fGBP21.00$g0$hP$5Uk
=ACF  \\$aPrevious copyright fee: GBP20.00$c2\0$e01-jan-2009$fGBP20.00$g0$hP$5Uk
=ACF  \\$aPrevious copyright fee: GBP19.00$c2\0$e01-apr-2008$fGBP19.00$g0$hP$5Uk
=ACF  \\$aPrevious copyright fee: GBP20.00$c2\0$e01-jan-2007$fGBP20.00$g0$hP$5Uk
=ACF  \\$aPrevious Copyright Fee: GBP18.00$c2\0$e01-jan-2006$fGBP18.00$g0$hP$5Uk
=ACF  \\$aPrevious copyright fee: GBP25.00$c2\0$e01-jan-2011$fGBP25.00$g0$hP$5Uk
=ACF  \\$aPrevious copyright fee: GBP27.50$c2\0$e01-jan-2013$fGBP27.50$g0$hP$5Uk
=ACF  \\$aPrevious copyright fee: GBP27.00$c2\0$e01-jan-2012$fGBP27.00$g0$hP$5Uk
=ACF  \\$aPrevious copyright fee: GBP23.50$c2\0$e05-nov-2013$fGBP23.50$g0$hP$5Uk
=ACF  \\$aPrevious copyright fee: GBP24.00$c2\0$e01-jan-2014$fGBP24.00$g0$hP$5Uk
=ACF  \\$aPrevious copyright fee: GBP25.00$c2\0$e01-jan-2015$fGBP25.00$g0$hP$5Uk
=ACF  \\$aPrevious copyright fee: GBP26.00$c2\0$e01-jan-2016$fGBP26.00$g0$hP$5Uk
=ACF  \\$aPrevious copyright fee: GBP28.00$c2\0$e01-jan-2017$fGBP28.00$g0$hP$5Uk
=ACF  \\$aPrevious copyright fee: GBP30.00$c2\0$e01-jan-2018$fGBP30.00$g0$hP$5Uk
=ACF  \\$aPrevious copyright fee: GBP32.00$c2\0$e01-jan-2019$fGBP32.00$g0$hP$5Uk
=ACF  \\$aPrevious copyright fee: GBP34.00$c2\0$e01-jan-2020$fGBP34.00$g0$hP$5Uk
=CAT  \\$a6537$b40$c20051211$lBLL01$h0927
=CAT  \\$aBLDSS-3PM$b00$c20141130$lBLL01$h1249
=CAT  \\$aIPL-CLA$c20141231$lBLL01$h1653
=CAT  \\$aBATCH-UPD$b00$c20151119$lBLL01$h1543
=CAT  \\$aIPL-CLA$c20151231$lBLL01$h1923
=CAT  \\$a14448$b40$c20160107$lBLL01$h1431
=CAT  \\$a14412$b40$c20160201$lBLL01$h1151
=CAT  \\$a11315$b40$c20160510$lBLL01$h0853
=CAT  \\$a11315$b40$c20160510$lBLL01$h0854
=CAT  \\$a11315$b40$c20160510$lBLL01$h0941
=CAT  \\$aBATCH-UPD$b40$c20160725$lBLL01$h2159
=CAT  \\$aBATCH-UPD$b40$c20161122$lBLL01$h1512
=CAT  \\$aIPL-CLA$c20161230$lBLL01$h2150
=CAT  \\$aBATCH-UPD$b00$c20171121$lBLL01$h1647
=CAT  \\$aW1711-1005$c20171206$lBLL01$h1818
=CAT  \\$aIPL-CLA$c20171231$lBLL01$h1649
=CAT  \\$aBATCH-UPD$b00$c20181217$lBLL01$h1638
=CAT  \\$aIPL-CLA$c20181231$lBLL01$h1543
=CAT  \\$aBATCH-UPD$b00$c20191122$lBLL01$h1900
=CAT  \\$aIPL-CLA$c20191231$lBLL01$h1937
=CAT  \\$a5410$b40$c20200906$lBLL01$h0010
=CAT  \\$aBATCH-UPD$b40$c20201118$lBLL01$h1334
=CAT  \\$aIPL-CLA$c20201231$lBLL01$h1529
=CAT  \\$a5410$b40$c20221021$lBLL01$h0836
=CAT  \\$aBATCH-UPD$b40$c20221121$lBLL01$h1347
=CAT  \\$aIPL-CLA$c20221231$lBLL01$h1447
=CFI  0\$aCurrent copyright fee: GBP37.00$c2\0$e01-jan-2023$fGBP37.00$g0$hP$5Uk
=CFI  2\$aPrevious copyright fee: GBP35.00$c2\0$e01-jan-2021$fGBP35.00$g0$hP$5Uk
=EST  \\$a1
=FFP  \\$aY$bBLDSS-3PM
=FIN  \\$aY$d20051211
=FMT  \\$a  SE
=LAS  \\$aIPL-CLA$b00$c20221231$lBLL01$h1447
=LEO  \\$aMP22.0000059193
=LET  \0$aNeuropsychological rehabilitation (Electronic)
=MNI  \\$a0960-2011
=SID  \\$aZ39$bRLG
=SRC  \\$aISN01$bbibmp22.200404.2.aa
=TCO  \\$aCLA$bCLA$c008
=TOC  \\$aETOC

