=LDR  05458cas a2201213 i 4500
=001  013357596
=003  Uk
=005  20221231144702.0
=006  m\\\\\\\\d\\\\\\\\
=007  cr\|||||||||||
=008  040818c19959999enkqr\pss\\\\\0\\\a0eng\d
=015  \\$aGBA605187$2bnb
=022  0\$a1740-7842$y1361-4568
=035  \\$a(RPB)b35866810
=037  \\$aISSN_13614568$bPortico$nTaylor & Francis
=040  \\$aRPB$cRPB$dCStRLIN$dUk
=042  \\$aukblsr
=082  04$a005.75$223
=130  0\$aNew review of hypermedia and multimedia (Online)
=222  \0$aNew review of hypermedia and multimedia$b(Online)
=245  10$aNew review of hypermedia and multimedia$h[electronic resource].
=246  30$aHypermedia and multimedia
=246  13$aNRHM
=260  \\$aLondon :$bTaylor & Francis
=310  \\$aQuarterly,$b2012-
=321  \\$aThree times a year,$b2009-2011
=321  \\$aSemiannual,$b2004-2008
=321  \\$aAnnual,$b-2003
=336  \\$atext$2rdacontent
=337  \\$acomputer$2rdamedia
=338  \\$aonline resource$2rdacarrier
=362  1\$aPrint began with v. 1 (1995).
=500  \\$aDescription based on v. 9, no. 1 (Jan. 2003); title from journal contents screen (viewed Aug. 18, 2004).
=538  \\$aMode of access: World Wide Web.
=540  \\$aCurrent copyright fee: GBP43.00$c2\0$5Uk
=588  \\$aLatest issue consulted: volume 22, issue 1/2 (2016), Taylor & Francis Online viewed May 10, 2016.
=650  \0$aHypertext systems$vPeriodicals.
=650  \0$aInteractive multimedia$vPeriodicals.
=650  \0$aMultimedia systems$vPeriodicals.
=776  1\$tNew review of hypermedia and multimedia$x1361-4568
=852  41$aBritish Library$bSTI$jELD Digital store$3Volume 22:Issue 1/2(2016)-
=852  41$aBritish Library$bDSC$j6087.764530$3Volume 12:Issue 1(2006)-Volume 17:Issue 3(2011)***See ESTAR for full holdings.
=856  \\$31850-9999$uhttp://www.tandfonline.com/$xBLDSS
=856  40$uhttp://www.tandfonline.com/loi/tham20
=856  40$ahttp://www.tandf.co.uk/journals/titles/13614568.asp
=859  \\$aELD$bejournal
=945  \\$aNEW REVIEW OF HYPERMEDIA AND MULTIMEDIA.
=959  \\$fHeld but not currently received
=979  \\$aBritish Library$bDSC$j6087.764530
=985  \\$aISSN responsibility taken by US ISSN Center, 11.09.2014.
=ACF  \\$aPrevious copyright fee: GBP21.00$c2\0$e01-jan-2010$fGBP21.00$g0$hP$5Uk
=ACF  \\$aPrevious copyright fee: GBP20.00$c2\0$e01-jan-2009$fGBP20.00$g0$hP$5Uk
=ACF  \\$aPrevious copyright fee: GBP19.00$c2\0$e01-apr-2008$fGBP19.00$g0$hP$5Uk
=ACF  \\$aPrevious copyright fee: GBP20.00$c2\0$e01-jan-2007$fGBP20.00$g0$hP$5Uk
=ACF  \\$aPrevious copyright fee: GBP18.00$c2\0$e01-jan-2005$fGBP18.00$g0$hP$5Uk
=ACF  \\$aPrevious copyright fee: GBP25.00$c2\0$e01-jan-2011$fGBP25.00$g0$hP$5Uk
=ACF  \\$aPrevious copyright fee: GBP27.00$c2\0$e01-jan-2012$fGBP27.00$g0$hP$5Uk
=ACF  \\$aPrevious copyright fee: GBP27.50$c2\0$e01-jan-2013$fGBP27.50$g0$hP$5Uk
=ACF  \\$aPrevious copyright fee: GBP28.00$c2\0$e01-jan-2014$fGBP28.00$g0$hP$5Uk
=ACF  \\$aPrevious copyright fee: GBP30.00$c2\0$e01-jan-2015$fGBP30.00$g0$hP$5Uk
=ACF  \\$aPrevious copyright fee: GBP34.00$c2\0$e01-jan-2016$fGBP34.00$g0$hP$5Uk
=ACF  \\$aPrevious copyright fee: GBP31.00$c2\0$e01-apr-2016$fGBP31.00$g0$hP$5Uk
=ACF  \\$aPrevious copyright fee: GBP33.00$c2\0$e01-jan-2017$fGBP33.00$g0$hP$5Uk
=ACF  \\$aPrevious copyright fee: GBP35.00$c2\0$e01-jan-2018$fGBP35.00$g0$hP$5Uk
=ACF  \\$aPrevious copyright fee: GBP37.00$c2\0$e01-jan-2019$fGBP37.00$g0$hP$5Uk
=ACF  \\$aPrevious copyright fee: GBP39.00$c2\0$e01-jan-2020$fGBP39.00$g0$hP$5Uk
=CAT  \\$a6537$b40$c20051211$lBLL01$h1024
=CAT  \\$aBLDSS-3PM$b00$c20141130$lBLL01$h1249
=CAT  \\$aIPL-CLA$c20141231$lBLL01$h1653
=CAT  \\$aBATCH-UPD$b00$c20151119$lBLL01$h1534
=CAT  \\$aIPL-CLA$c20151231$lBLL01$h1923
=CAT  \\$a14448$b40$c20160107$lBLL01$h1358
=CAT  \\$a14412$b40$c20160201$lBLL01$h1143
=CAT  \\$a5552$b40$c20160303$lBLL01$h1244
=CAT  \\$aIPL-CLA$c20160331$lBLL01$h1731
=CAT  \\$a11315$b40$c20160510$lBLL01$h1436
=CAT  \\$aBATCH-UPD$b40$c20160726$lBLL01$h0639
=CAT  \\$aBATCH-UPD$b40$c20161122$lBLL01$h1505
=CAT  \\$aIPL-CLA$c20161230$lBLL01$h2150
=CAT  \\$aBATCH-UPD$b00$c20171121$lBLL01$h1655
=CAT  \\$aW1711-1005$c20171206$lBLL01$h1818
=CAT  \\$aIPL-CLA$c20171231$lBLL01$h1649
=CAT  \\$aBATCH-UPD$b00$c20181217$lBLL01$h1644
=CAT  \\$aIPL-CLA$c20181231$lBLL01$h1543
=CAT  \\$aBATCH-UPD$b00$c20191122$lBLL01$h1906
=CAT  \\$aIPL-CLA$c20191231$lBLL01$h1937
=CAT  \\$a5410$b40$c20200905$lBLL01$h0021
=CAT  \\$aBATCH-UPD$b40$c20201118$lBLL01$h1340
=CAT  \\$aIPL-CLA$c20201231$lBLL01$h1529
=CAT  \\$a5410$b40$c20221021$lBLL01$h0841
=CAT  \\$aBATCH-UPD$b40$c20221121$lBLL01$h1339
=CAT  \\$aIPL-CLA$c20221231$lBLL01$h1447
=CFI  0\$aCurrent copyright fee: GBP43.00$c2\0$e01-jan-2023$fGBP43.00$g0$hP$5Uk
=CFI  2\$aPrevious copyright fee: GBP41.00$c2\0$e01-jan-2021$fGBP41.00$g0$hP$5Uk
=EST  \\$a1
=FFP  \\$aY$bBLDSS-3PM
=FIN  \\$aY$d20051211
=FMT  \\$a  SE
=LAS  \\$aIPL-CLA$b00$c20221231$lBLL01$h1447
=LET  \0$aNew review of hypermedia and multimedia (Electronic)
=MNI  \\$a1361-4568
=SID  \\$aZ39$bRLG
=TCO  \\$aCLA$bCLA$c008
=TOC  \\$aETOC

