=LDR  05573cas a2201225 a 4500
=001  013357601
=003  Uk
=005  20230930080807.0
=006  m\\\\\\\\d\\\\\\\\
=007  cr\|||||||||||
=008  000928c19969999enkqr\pss\\\\\0\\\a0eng\c
=010  \\$a2005263031
=015  \\$aGBA605190$2bnb
=022  \\$a1469-9966$y1360-0818
=037  \\$aISSN_13600818$bPortico$nTaylor & Francis
=040  \\$aF#A$cF#A$dOCLCQ$dTXA$dUk
=042  \\$aukblsr
=050  14$aHD1401$b.O95
=082  04$a338.9$223
=130  0\$aOxford development studies (Online)
=210  0\$aOxf. dev. stud.$b(Online)
=222  \0$aOxford development studies$b(Online)
=245  10$aOxford development studies$h[electronic resource].
=260  \\$a[Abingdon, Oxfordshire] :$bCarfax International Publishers,$c[2000]-
=260  3\$a[Abingdon] :$bRoutledge
=310  \\$aQuarterly,$bMarch 2003-
=321  \\$aThree times a year,$bFeb. 2000-Oct. 2002
=336  \\$atext$2rdacontent
=337  \\$acomputer$2rdamedia
=338  \\$aonline resource$2rdacarrier
=362  1\$aPrint began with vol. 24, no. 1 (Feb. 1996).
=500  \\$aDescription based on: Vol. 28, no. 1 (Feb. 2000); title from issue table of contents (Metapress, viewed Mar. 1, 2000).
=500  \\$aLatest issue consulted: volume 44, issue 1 (2016) (Taylor & Francis Online, viewed January 7, 2016).
=530  \\$aAlso issued in print.
=538  \\$aMode of access: World Wide Web.
=540  \\$aCurrent copyright fee: GBP37.00$c2\0$5Uk
=580  \\$aIncludes issues of earlier title: Oxford agrarian studies.
=650  \0$aEconomic development$vPeriodicals.
=650  \0$aEconomic policy$vPeriodicals.
=650  \0$aEconomic history$vPeriodicals.
=690  7\$aManagement and Business Studies$2blcoll
=776  1\$tOxford development studies$x1360-0818
=780  00$tOxford agrarian studies
=852  41$aBritish Library$bHMNTS$jELD Digital store$3Volume 44:Number 1(2016)-
=852  41$aBritish Library$bDSC$j6320.696300$3Volume 34:Issue 1(2006)-Volume 39:Issue 4(2011)***See ESTAR for full holdings.
=856  \\$31850-9999$uhttp://www.tandfonline.com/$xBLDSS
=856  40$uhttp://www.tandfonline.com/toc/cods20/current
=859  \\$aELD$bejournal
=945  \\$aOxford development studies
=959  \\$fHeld but not currently received
=979  \\$aBritish Library$bDSC$j6320.696300
=985  \\$aISSN responsibility taken by US ISSN Center (multinational publisher agreement), April 9 2014.
=ACF  \\$aPrevious copyright fee: GBP17.00$c1\0$e01-jan-2010$fGBP17.00$g0$hP$5Uk
=ACF  \\$aPrevious copyright fee: GBP16.00$c1\0$e01-jan-2009$fGBP16.00$g0$hP$5Uk
=ACF  \\$aPrevious copyright fee: GBP15.00$c1\0$e01-apr-2008$fGBP15.00$g0$hP$5Uk
=ACF  \\$aPrevious copyright fee: GBP16.00$c1\0$e01-jan-2007$fGBP16.00$g0$hP$5Uk
=ACF  \\$aPrevious copyright fee: GBP13.00$c1\0$e01-jan-2005$fGBP13.00$g0$hP$5Uk
=ACF  \\$aPrevious copyright fee: GBP21.00$c1\0$e01-jan-2011$fGBP21.00$g0$hP$5Uk
=ACF  \\$aPrevious copyright fee: GBP23.00$c1\0$e01-jan-2012$fGBP23.00$g0$hP$5Uk
=ACF  \\$aPrevious copyright fee: GBP23.50$c1\0$e01-jan-2013$fGBP23.50$g0$hP$5Uk
=ACF  \\$aPrevious copyright fee: GBP24.00$c1\0$e01-jan-2014$fGBP24.00$g0$hP$5Uk
=ACF  \\$aPrevious copyright fee: GBP25.00$c1\0$e01-jan-2015$fGBP25.00$g0$hP$5Uk
=ACF  \\$aPrevious copyright fee: GBP26.00$c1\0$e01-jan-2016$fGBP26.00$g0$hP$5Uk
=ACF  \\$aPrevious copyright fee: GBP28.00$c1\0$e01-jan-2017$fGBP28.00$g0$hP$5Uk
=ACF  \\$aPrevious copyright fee: GBP30.00$c1\0$e01-jan-2018$fGBP30.00$g0$hP$5Uk
=ACF  \\$aPrevious copyright fee: GBP32.00$c1\0$e01-jan-2019$fGBP32.00$g0$hP$5Uk
=ACF  \\$aPrevious copyright fee: GBP34.00$c1\0$e01-jan-2020$fGBP34.00$g0$hP$5Uk
=ACF  \\$aPrevious copyright fee: GBP35.00$c1\0$e01-jan-2021$fGBP35.00$g0$hP$5Uk
=CAT  \\$a11281$b40$c20051211$lBLL01$h1040
=CAT  \\$aBATCH-UPD$b00$c20151119$lBLL01$h1521
=CAT  \\$a14412$b40$c20151230$lBLL01$h1229
=CAT  \\$aIPL-CLA$c20151231$lBLL01$h1923
=CAT  \\$a10806$b40$c20160107$lBLL01$h1123
=CAT  \\$a10806$b40$c20160107$lBLL01$h1124
=CAT  \\$a10806$b40$c20160107$lBLL01$h1127
=CAT  \\$a14412$b40$c20160201$lBLL01$h1054
=CAT  \\$aBATCH-UPD$b40$c20160603$lBLL01$h1335
=CAT  \\$aBATCH-UPD$b40$c20161122$lBLL01$h1443
=CAT  \\$aIPL-CLA$c20161230$lBLL01$h2150
=CAT  \\$aBATCH-UPD$b00$c20171121$lBLL01$h1623
=CAT  \\$aW1711-1005$c20171206$lBLL01$h1818
=CAT  \\$aIPL-CLA$c20171231$lBLL01$h1649
=CAT  \\$aBATCH-UPD$b00$c20181217$lBLL01$h1629
=CAT  \\$aIPL-CLA$c20181231$lBLL01$h1543
=CAT  \\$aBATCH-UPD$b00$c20191122$lBLL01$h1842
=CAT  \\$aIPL-CLA$c20191231$lBLL01$h1937
=CAT  \\$a5410$b40$c20200828$lBLL01$h0009
=CAT  \\$aBATCH-UPD$b40$c20201118$lBLL01$h1324
=CAT  \\$aIPL-CLA$c20201231$lBLL01$h1529
=CAT  \\$a5410$b40$c20221021$lBLL01$h0842
=CAT  \\$aBATCH-UPD$b40$c20221121$lBLL01$h1319
=CAT  \\$aIPL-CLA$c20221231$lBLL01$h1447
=CAT  \\$aR2308-1440$c20230824$lBLL01$h0928
=CAT  \\$aIPL-CLA$c20230930$lBLL01$h0808
=CFI  0\$aCurrent copyright fee: GBP37.00$c2\0$e01-oct-2023$fGBP37.00$g0$hP$5Uk
=CFI  2\$aPrevious copyright fee: GBP37.00$c1\0$e01-jan-2023$fGBP37.00$g0$hP$5Uk
=EST  \\$a1
=FFP  \\$aY$bBLDSS-3PM
=FIN  \\$aY$d20051211
=FMT  \\$a  SE
=LAS  \\$aIPL-CLA$b00$c20230930$lBLL01$h0808
=MNI  \\$a1360-0818
=SID  \\$aZ39$bOCLC
=TCO  \\$aCLA$bCLA$c008
=TOC  \\$aETOC

