=LDR  05231cas a2201177 i 4500
=001  013357632
=003  Uk
=005  20230930080810.0
=006  m\\\\\\\\d\\\\\\\\
=007  cr\mnu||||||||
=008  991129c19679999enkqx\pss\\\\\0\\\a0eng\d
=015  \\$aGBA605217$2bnb
=022  \\$a1461-7331$y0031-322X
=037  \\$aISSN_0031322X$bPortico$nTaylor & Francis
=040  \\$aF#A$cF#A$dOCLCQ$dUk
=042  \\$aukblsr
=082  04$a323.1$223
=130  0\$aPatterns of prejudice (Online)
=222  \0$aPatterns of prejudice$b(Online)
=245  10$aPatterns of prejudice$h[electronic resource].
=260  \\$a[London] :$bSage Publications
=264  31$aAbingdon :$bTaylor & Francis
=310  \\$aFive times a year
=321  \\$aQuarterly
=336  \\$atext$2rdacontent
=337  \\$acomputer$2rdamedia
=338  \\$aonline resource$2rdacarrier
=362  1\$aPrint began in 1967.
=500  \\$aDescription based on: Vol. 33, no. 1 (1999); title from journal information screen (viewed Nov. 22, 1999).
=530  \\$aAlso issued in print.
=538  \\$aMode of access: World Wide Web.
=540  \\$aCurrent copyright fee: GBP37.00$c2\0$5Uk
=588  \\$aLatest issue consulted: volume 48, number 4 (2014) (Taylor & Francis Online, viewed September 9, 2014).
=650  \0$aAntisemitism$vPeriodicals.
=650  \0$aDiscrimination$vPeriodicals.
=710  2\$aParkes Institute for the Study of Jewish/non-Jewish Relations.
=776  1\$tPatterns of prejudice$x0031-322X
=852  41$aBritish Library$bHMNTS$jELD Digital store$3Volume 50:Number 1(2016)-
=852  41$aBritish Library$bDSC$j6412.985000$3Volume 40:Issue 1(2006)-Volume 45:Issue 5(2011)***See ESTAR for full holdings.
=856  \\$31850-9999$uhttp://www.tandfonline.com/$xBLDSS
=856  40$uhttp://www.tandfonline.com/toc/rpop20/current
=859  \\$aELD$bejournal
=945  \\$aPATTERNS OF PREJUDICE.
=959  \\$fHeld but not currently received
=979  \\$aBritish Library$bDSC$j6412.985000
=985  \\$aISSN responsibility taken by US ISSN Center, 11.09.2014.
=ACF  \\$aPrevious copyright fee: GBP17.00$c1\0$e01-jan-2010$fGBP17.00$g0$hP$5Uk
=ACF  \\$aPrevious copyright fee: GBP16.00$c1\0$e01-jan-2009$fGBP16.00$g0$hP$5Uk
=ACF  \\$aPrevious copyright fee: GBP15.00$c1\0$e01-apr-2008$fGBP15.00$g0$hP$5Uk
=ACF  \\$aPrevious copyright fee: GBP16.00$c1\0$e01-jan-2007$fGBP16.00$g0$hP$5Uk
=ACF  \\$aPrevious copyright fee: GBP13.00$c1\0$e01-jan-2005$fGBP13.00$g0$hP$5Uk
=ACF  \\$aPrevious copyright fee: GBP21.00$c1\0$e01-jan-2011$fGBP21.00$g0$hP$5Uk
=ACF  \\$aPrevious copyright fee: GBP23.00$c1\0$e01-jan-2012$fGBP23.00$g0$hP$5Uk
=ACF  \\$aPrevious copyright fee: GBP23.50$c1\0$e01-jan-2013$fGBP23.50$g0$hP$5Uk
=ACF  \\$aPrevious copyright fee: GBP24.00$c1\0$e01-jan-2014$fGBP24.00$g0$hP$5Uk
=ACF  \\$aPrevious copyright fee: GBP25.00$c1\0$e01-jan-2015$fGBP25.00$g0$hP$5Uk
=ACF  \\$aPrevious copyright fee: GBP26.00$c1\0$e01-jan-2016$fGBP26.00$g0$hP$5Uk
=ACF  \\$aPrevious copyright fee: GBP28.00$c1\0$e01-jan-2017$fGBP28.00$g0$hP$5Uk
=ACF  \\$aPrevious copyright fee: GBP30.00$c1\0$e01-jan-2018$fGBP30.00$g0$hP$5Uk
=ACF  \\$aPrevious copyright fee: GBP32.00$c1\0$e01-jan-2019$fGBP32.00$g0$hP$5Uk
=ACF  \\$aPrevious copyright fee: GBP34.00$c1\0$e01-jan-2020$fGBP34.00$g0$hP$5Uk
=ACF  \\$aPrevious copyright fee: GBP35.00$c1\0$e01-jan-2021$fGBP35.00$g0$hP$5Uk
=CAT  \\$a11281$b40$c20051211$lBLL01$h1244
=CAT  \\$aBATCH-UPD$b00$c20151119$lBLL01$h1521
=CAT  \\$a14412$b40$c20151230$lBLL01$h1037
=CAT  \\$aIPL-CLA$c20151231$lBLL01$h1923
=CAT  \\$a10806$b40$c20160113$lBLL01$h1423
=CAT  \\$a10806$b40$c20160113$lBLL01$h1424
=CAT  \\$a14412$b40$c20160201$lBLL01$h1032
=CAT  \\$a14412$b40$c20160201$lBLL01$h1033
=CAT  \\$aBATCH-UPD$b40$c20160717$lBLL01$h2301
=CAT  \\$aBATCH-UPD$b40$c20161122$lBLL01$h1443
=CAT  \\$aIPL-CLA$c20161230$lBLL01$h2150
=CAT  \\$aBATCH-UPD$b00$c20171121$lBLL01$h1623
=CAT  \\$aW1711-1005$c20171206$lBLL01$h1818
=CAT  \\$aIPL-CLA$c20171231$lBLL01$h1649
=CAT  \\$aBATCH-UPD$b00$c20181217$lBLL01$h1629
=CAT  \\$aIPL-CLA$c20181231$lBLL01$h1543
=CAT  \\$aBATCH-UPD$b00$c20191122$lBLL01$h1842
=CAT  \\$aIPL-CLA$c20191231$lBLL01$h1937
=CAT  \\$a5410$b40$c20200824$lBLL01$h2357
=CAT  \\$aBATCH-UPD$b40$c20201118$lBLL01$h1324
=CAT  \\$aIPL-CLA$c20201231$lBLL01$h1529
=CAT  \\$a5410$b40$c20221021$lBLL01$h0852
=CAT  \\$aBATCH-UPD$b40$c20221121$lBLL01$h1319
=CAT  \\$aIPL-CLA$c20221231$lBLL01$h1447
=CAT  \\$aR2308-1440$c20230824$lBLL01$h0928
=CAT  \\$aIPL-CLA$c20230930$lBLL01$h0808
=CFI  0\$aCurrent copyright fee: GBP37.00$c2\0$e01-oct-2023$fGBP37.00$g0$hP$5Uk
=CFI  2\$aPrevious copyright fee: GBP37.00$c1\0$e01-jan-2023$fGBP37.00$g0$hP$5Uk
=EST  \\$a1
=FFP  \\$aY$bBLDSS-3PM
=FIN  \\$aY$d20051211
=FMT  \\$a  SE
=LAS  \\$aIPL-CLA$b00$c20230930$lBLL01$h0808
=LEO  \\$aMP22.0000057342
=MNI  \\$a0031-322X
=SID  \\$aZ39$bOCLC
=SRC  \\$aISN01$bbibmp22.200404.2.aa
=TCO  \\$aCLA$bCLA$c008
=TOC  \\$aETOC

