=LDR  05424cas a2201189 a 4500
=001  013357664
=003  Uk
=005  20230930080814.0
=006  m\\\\\\\\d\\\\\\\\
=007  cr||||||||||||
=008  000707c19769999enkqr\pss\\\\\0\\\a0eng\d
=015  \\$aGBA605245$2bnb
=022  0\$a1469-9710
=037  \\$aISSN_01426397$bPortico$nTaylor & Francis
=040  \\$aF#A$cF#A$dOCLCQ$dOCL$dUk
=042  \\$aukblsr
=082  04$a719.05$222
=130  0\$aLandscape research (Online)
=210  0\$aLandsc. res.$b(Online)
=222  \0$aLandscape research$b(Online)
=245  10$aLandscape research$h[electronic resource].
=260  \\$a[Abingdon, Oxfordshire] :$bCarfax International Publishers,$c[2000]-
=264  31$a[Abingdon] :$bRoutledge, Taylor & Francis Group
=310  \\$aQuarterly,$b2001-
=321  \\$aThree times a year,$b-2000
=336  \\$atext$2rdacontent
=337  \\$acomputer$2rdamedia
=338  \\$aonline resource$2rdacarrier
=362  1\$aPrint began with vol. 2, no. 1 (winter 1976).
=500  \\$aDescription based on: Vol. 25, no. 1 (Mar. 2000); title from journal information screen (viewed June 6, 2000).
=530  \\$aAlso issued in print.
=538  \\$aMode of access: World Wide Web.
=540  \\$aCurrent copyright fee: GBP37.00$c2\0$5Uk
=550  \\$aJournal of the Landscape Research Group.
=580  \\$aIncludes issues of earlier title: Landscape research news.
=588  \\$aLatest issue consulted: volume 41, issue 1 (2016), Taylor & Francis Onlinem viewed February 8, 2016.
=650  \0$aLandscape$vPeriodicals.
=650  \0$aLand use$xPlanning$vPeriodicals.
=710  2\$aLandscape Research Group (Great Britain)
=776  1\$tLandscape research$x0142-6397
=852  41$aBritish Library$bHMNTS$jELD Digital store$3Volume 41:Number 1(2016)-
=852  41$aBritish Library$bDSC$j5153.147700$3Volume 31:Issue 1(2006)-Volume 36:Issue 6(2011)***See ESTAR for full holdings.
=856  \\$31850-9999$uhttp://www.tandfonline.com/$xBLDSS
=856  40$uhttp://www.tandfonline.com/loi/clar20#.VrmunFLcuic
=859  \\$aELD$bejournal
=945  \\$aLANDSCAPE RESEARCH.
=959  \\$fHeld but not currently received
=985  \\$aISSN responsibility taken by US ISSN Center (multinational publisher), August 21 2013.
=ACF  \\$aPrevious copyright fee: GBP17.00$c1\0$e01-jan-2010$fGBP17.00$g0$hP$5Uk
=ACF  \\$aPrevious copyright fee: GBP16.00$c1\0$e01-jan-2009$fGBP16.00$g0$hP$5Uk
=ACF  \\$aPrevious copyright fee: GBP15.00$c1\0$e01-apr-2008$fGBP15.00$g0$hP$5Uk
=ACF  \\$aPrevious copyright fee: GBP16.00$c1\0$e01-jan-2007$fGBP16.00$g0$hP$5Uk
=ACF  \\$aPrevious copyright fee: GBP13.00$c1\0$e01-jan-2005$fGBP13.00$g0$hP$5Uk
=ACF  \\$aPrevious copyright fee: GBP21.00$c1\0$e01-jan-2011$fGBP21.00$g0$hP$5Uk
=ACF  \\$aPrevious copyright fee: GBP23.00$c1\0$e01-jan-2012$fGBP23.00$g0$hP$5Uk
=ACF  \\$aPrevious copyright fee: GBP23.50$c1\0$e01-jan-2013$fGBP23.50$g0$hP$5Uk
=ACF  \\$aPrevious copyright fee: GBP24.00$c1\0$e01-jan-2014$fGBP24.00$g0$hP$5Uk
=ACF  \\$aPrevious copyright fee: GBP25.00$c1\0$e01-jan-2015$fGBP25.00$g0$hP$5Uk
=ACF  \\$aPrevious copyright fee: GBP26.00$c1\0$e01-jan-2016$fGBP26.00$g0$hP$5Uk
=ACF  \\$aPrevious copyright fee: GBP28.00$c1\0$e01-jan-2017$fGBP28.00$g0$hP$5Uk
=ACF  \\$aPrevious copyright fee: GBP30.00$c1\0$e01-jan-2018$fGBP30.00$g0$hP$5Uk
=ACF  \\$aPrevious copyright fee: GBP32.00$c1\0$e01-jan-2019$fGBP32.00$g0$hP$5Uk
=ACF  \\$aPrevious copyright fee: GBP34.00$c1\0$e01-jan-2020$fGBP34.00$g0$hP$5Uk
=ACF  \\$aPrevious copyright fee: GBP35.00$c1\0$e01-jan-2021$fGBP35.00$g0$hP$5Uk
=CAT  \\$a11187$b40$c20051211$lBLL01$h1455
=CAT  \\$aBLDSS-3PM$b00$c20141130$lBLL01$h1249
=CAT  \\$aIPL-CLA$c20141231$lBLL01$h1653
=CAT  \\$aBATCH-UPD$b00$c20151119$lBLL01$h1521
=CAT  \\$aIPL-CLA$c20151231$lBLL01$h1923
=CAT  \\$a14412$b40$c20160109$lBLL01$h0746
=CAT  \\$a14412$b40$c20160114$lBLL01$h1034
=CAT  \\$a14448$b40$c20160203$lBLL01$h0941
=CAT  \\$a11315$b40$c20160209$lBLL01$h0919
=CAT  \\$a11315$b40$c20160209$lBLL01$h0922
=CAT  \\$aBATCH-UPD$b40$c20160620$lBLL01$h0206
=CAT  \\$aBATCH-UPD$b40$c20161122$lBLL01$h1443
=CAT  \\$aIPL-CLA$c20161230$lBLL01$h2150
=CAT  \\$aBATCH-UPD$b00$c20171121$lBLL01$h1623
=CAT  \\$aW1711-1005$c20171206$lBLL01$h1818
=CAT  \\$aIPL-CLA$c20171231$lBLL01$h1649
=CAT  \\$aBATCH-UPD$b00$c20181217$lBLL01$h1629
=CAT  \\$aIPL-CLA$c20181231$lBLL01$h1543
=CAT  \\$aBATCH-UPD$b00$c20191122$lBLL01$h1842
=CAT  \\$aIPL-CLA$c20191231$lBLL01$h1937
=CAT  \\$aBATCH-UPD$b00$c20201118$lBLL01$h1324
=CAT  \\$aIPL-CLA$c20201231$lBLL01$h1529
=CAT  \\$aBATCH-UPD$b00$c20221121$lBLL01$h1319
=CAT  \\$aIPL-CLA$c20221231$lBLL01$h1447
=CAT  \\$aR2308-1440$c20230824$lBLL01$h0928
=CAT  \\$aIPL-CLA$c20230930$lBLL01$h0808
=CFI  0\$aCurrent copyright fee: GBP37.00$c2\0$e01-oct-2023$fGBP37.00$g0$hP$5Uk
=CFI  2\$aPrevious copyright fee: GBP37.00$c1\0$e01-jan-2023$fGBP37.00$g0$hP$5Uk
=EST  \\$a1
=FFP  \\$aY$bBLDSS-3PM
=FIN  \\$aY$d20051211
=FMT  \\$a  SE
=LAS  \\$aIPL-CLA$b00$c20230930$lBLL01$h0808
=LET  \0$aLandscape research (Electronic)
=MNI  \\$a0142-6397
=SID  \\$aZ39$bOCLC
=TCO  \\$aCLA$bCLA$c008
=TOC  \\$aETOC

