=LDR  05351cas a2201201 a 4500
=001  013357665
=003  Uk
=005  20221231144703.0
=006  m\\\\\\\\d\\\\\\\\
=007  cr\|||||||||||
=008  050614c19969999enkbx\pss\o\\\0\\\a0eng\d
=015  \\$aGBA605247$2bnb
=022  \\$a1469-9990
=037  \\$aISSN_13528165$bPortico$nTaylor & Francis
=040  \\$aOCLCS$cOCLCS$dUk
=042  \\$aukblsr
=050  \4$aPN1561$b.P43
=082  04$a791$223
=130  0\$aPerformance research (Online)
=210  0\$aPerform. res.$b(Online)
=222  \0$aPerformance research$b(Online)
=245  10$aPerformance research$h[electronic resource].
=260  \\$aLondon :$bRoutledge
=310  \\$aSix times a year,$b2012-
=321  \\$aQuarterly,$b2002-2011
=321  \\$aThree times a year,$b1996-2001
=336  \\$atext$2rdacontent
=337  \\$acomputer$2rdamedia
=338  \\$aonline resource$2rdacarrier
=362  1\$aPrint began in 1996.
=500  \\$aSome issues have distinctive titles.
=500  \\$aPublished for ARC, a division of the Centre for Performance Research.
=500  \\$aPublished <2002->: Taylor & Francis.
=500  \\$aDescription based on print version record.
=525  \\$aIssues for summer 1999 and winter 2001 accompanied by CD-ROM containing new work commissioned from artists.
=530  \\$aAlso issued in print.
=538  \\$aMode of access: World Wide Web.
=540  \\$aCurrent copyright fee: GBP37.00$c2\0$5Uk
=588  \\$aLatest issue consulted: volume 20, issue 6 (2015) (Taylor & Francis Online, viewed January 14, 2016).
=650  \0$aPerforming arts$vPeriodicals.
=710  2\$aCentre for Performance Research.$bARC.
=776  1\$tPerformance research$x1352-8165
=852  41$aBritish Library$bHMNTS$jELD Digital store$3Volume 21:Number 1(2016)-
=852  41$aBritish Library$bDSC$j6423.832100$3Volume 11:Issue 1(2006)-Volume 22:Issue 8(2017)***See ESTAR for full holdings.
=856  \\$31850-9999$uhttp://www.tandfonline.com/$xBLDSS
=856  40$uhttp://www.tandf.co.uk/journals/titles/13528165.asp
=859  \\$aELD$bejournal
=945  \\$aPERFORMANCE RESEARCH.
=959  \\$fHeld but not currently received
=979  \\$aBritish Library$bDSC$j6423.832100
=985  \\$aResponsibility for ISSN transferred to US ISSN Centre from ISSN UK Centre, 26.10.11
=ACF  \\$aPrevious copyright fee: GBP17.00$c2\0$e01-jan-2010$fGBP17.00$g0$hP$5Uk
=ACF  \\$aPrevious copyright fee: GBP16.00$c2\0$e01-jan-2009$fGBP16.00$g0$hP$5Uk
=ACF  \\$aPrevious copyright fee: GBP15.00$c2\0$e01-apr-2008$fGBP15.00$g0$hP$5Uk
=ACF  \\$aPrevious copyright fee: GBP16.00$c2\0$e01-jan-2007$fGBP16.00$g0$hP$5Uk
=ACF  \\$aPrevious copyright fee: GBP13.00$c2\0$e01-jan-2005$fGBP13.00$g0$hP$5Uk
=ACF  \\$aPrevious copyright fee: GBP21.00$c2\0$e01-jan-2011$fGBP21.00$g0$hP$5Uk
=ACF  \\$aPrevious copyright fee: GBP23.00$c2\0$e01-jan-2012$fGBP23.00$g0$hP$5Uk
=ACF  \\$aPrevious copyright fee: GBP23.50$c2\0$e01-jan-2013$fGBP23.50$g0$hP$5Uk
=ACF  \\$aPrevious copyright fee: GBP24.00$c2\0$e01-jan-2014$fGBP24.00$g0$hP$5Uk
=ACF  \\$aPrevious copyright fee: GBP25.00$c2\0$e01-jan-2015$fGBP25.00$g0$hP$5Uk
=ACF  \\$aPrevious copyright fee: GBP26.00$c2\0$e01-jan-2016$fGBP26.00$g0$hP$5Uk
=ACF  \\$aPrevious copyright fee: GBP28.00$c2\0$e01-jan-2017$fGBP28.00$g0$hP$5Uk
=ACF  \\$aPrevious copyright fee: GBP30.00$c2\0$e01-jan-2018$fGBP30.00$g0$hP$5Uk
=ACF  \\$aPrevious copyright fee: GBP32.00$c2\0$e01-jan-2019$fGBP32.00$g0$hP$5Uk
=ACF  \\$aPrevious copyright fee: GBP34.00$c2\0$e01-jan-2020$fGBP34.00$g0$hP$5Uk
=CAT  \\$a11281$b40$c20051211$lBLL01$h1501
=CAT  \\$aIPL-CLA$c20131231$lBLL01$h2357
=CAT  \\$aBATCH-UPD$b00$c20141124$lBLL01$h1803
=CAT  \\$aBLDSS-3PM$b00$c20141130$lBLL01$h1249
=CAT  \\$aIPL-CLA$c20141231$lBLL01$h1653
=CAT  \\$aBATCH-UPD$b00$c20151119$lBLL01$h1543
=CAT  \\$a14412$b40$c20151230$lBLL01$h0925
=CAT  \\$aIPL-CLA$c20151231$lBLL01$h1923
=CAT  \\$a10806$b40$c20160114$lBLL01$h1154
=CAT  \\$a14412$b40$c20160201$lBLL01$h0956
=CAT  \\$aBATCH-UPD$b40$c20160613$lBLL01$h1157
=CAT  \\$aBATCH-UPD$b40$c20161122$lBLL01$h1512
=CAT  \\$aIPL-CLA$c20161230$lBLL01$h2150
=CAT  \\$aBATCH-UPD$b00$c20171121$lBLL01$h1647
=CAT  \\$aW1711-1005$c20171206$lBLL01$h1818
=CAT  \\$aIPL-CLA$c20171231$lBLL01$h1649
=CAT  \\$aBATCH-UPD$b00$c20181217$lBLL01$h1638
=CAT  \\$aIPL-CLA$c20181231$lBLL01$h1543
=CAT  \\$aW1811-111$c20190203$lBLL01$h0956
=CAT  \\$aBATCH-UPD$b00$c20191122$lBLL01$h1900
=CAT  \\$aIPL-CLA$c20191231$lBLL01$h1937
=CAT  \\$aBATCH-UPD$b00$c20201118$lBLL01$h1334
=CAT  \\$aIPL-CLA$c20201231$lBLL01$h1529
=CAT  \\$aBATCH-UPD$b00$c20221121$lBLL01$h1347
=CAT  \\$a5410$b40$c20221209$lBLL01$h1435
=CAT  \\$aIPL-CLA$c20221231$lBLL01$h1447
=CFI  0\$aCurrent copyright fee: GBP37.00$c2\0$e01-jan-2023$fGBP37.00$g0$hP$5Uk
=CFI  2\$aPrevious copyright fee: GBP35.00$c2\0$e01-jan-2021$fGBP35.00$g0$hP$5Uk
=EST  \\$a1
=FFP  \\$aY$bBLDSS-3PM
=FIN  \\$aY$d20051211
=FMT  \\$a  SE
=LAS  \\$aIPL-CLA$b00$c20221231$lBLL01$h1447
=MNI  \\$a1352-8165
=SID  \\$aZ39$bOCLC
=TCO  \\$aCLA$bCLA$c008
=TOC  \\$aETOC

