=LDR  05253cas a2201189 i 4500
=001  013357680
=003  Uk
=005  20221231144704.0
=006  m\\\\\\\\d\\\\\\\\
=007  cr|mnu||||||||
=008  020419c19969999enkbr\pss\\\\\0\\\a0eng\d
=010  \\$a2002238342
=015  \\$aGBA605260$2bnb
=022  0\$a1464-0678
=037  \\$aISSN_1357650X$bPortico$nTaylor & Francis
=040  \\$aIUL$cIUL$dOCLCQ$dF#A$dUk
=042  \\$aukblsr
=050  14$aQP385.5$b.L36
=082  04$a616.8$222
=130  0\$aLaterality (Online)
=210  0\$aLaterality$b(Hove, Online)
=222  \0$aLaterality$b(Hove. Online)
=245  10$aLaterality$h[electronic resource].
=260  \\$a[London] :$bPsychology Press, part of the Taylor & Francis Group,$c1996-
=260  2\$a[Hove] :$bPsychology Press
=264  31$32014-$aAbingdon :$bTaylor & Francis
=310  \\$aBimonthly,$b2005-
=321  \\$aQuarterly,$b-2004
=336  \\$atext$2rdacontent
=337  \\$acomputer$2rdamedia
=338  \\$aonline resource$2rdacarrier
=362  0\$aVol. 1, no. 1 (Mar. 1996)-
=500  \\$aTitle from contents screen (viewed Apr. 18, 2002).
=500  \\$aLatest issue consulted: Vol. 21, issue 2 (2016), (Taylor & Francis Online viewed February 16, 2016).
=538  \\$aMode of access: World Wide Web.
=540  \\$aCurrent copyright fee: GBP37.00$c2\0$5Uk
=650  \0$aLaterality$vPeriodicals.
=650  \0$aCerebral dominance$vPeriodicals.
=776  08$iAlso issued in print as:$tLaterality$x1357-650X
=852  41$aBritish Library$bHMNTS$jELD Digital store$3Volume 21:Issue 1(2016)-***Previous issues available in print copy
=852  41$aBritish Library$bDSC$j5157.679000$3Volume 11:Issue 1(2006)-Volume 16:Issue 6(2011)***See ESTAR for full holdings.
=856  \\$31850-9999$uhttp://www.tandfonline.com/$xBLDSS
=856  40$uhttp://www.tandfonline.com/loi/plat20#.VsMsK1Lcuic
=859  \\$aELD$bejournal
=945  \\$aLATERALITY -HOVE-.
=959  \\$fHeld but not currently received
=985  \\$aISSN note: responsibility for ISSN transferred from Uk to US under multinational publisher agreement, 28.10.14.
=ACF  \\$aPrevious copyright fee: GBP17.00$c2\0$e01-jan-2010$fGBP17.00$g0$hP$5Uk
=ACF  \\$aPrevious copyright fee: GBP16.00$c2\0$e01-jan-2009$fGBP16.00$g0$hP$5Uk
=ACF  \\$aPrevious copyright fee: GBP15.00$c2\0$e01-apr-2008$fGBP15.00$g0$hP$5Uk
=ACF  \\$aPrevious copyright fee: GBP16.00$c2\0$e01-jan-2007$fGBP16.00$g0$hP$5Uk
=ACF  \\$aPrevious copyright fee: GBP13.00$c2\0$e01-jan-2005$fGBP13.00$g0$hP$5Uk
=ACF  \\$aPrevious copyright fee: GBP21.00$c2\0$e01-jan-2011$fGBP21.00$g0$hP$5Uk
=ACF  \\$aPrevious copyright fee: GBP23.00$c2\0$e01-jan-2012$fGBP23.00$g0$hP$5Uk
=ACF  \\$aPrevious copyright fee: GBP23.50$c2\0$e01-jan-2013$fGBP23.50$g0$hP$5Uk
=ACF  \\$aPrevious copyright fee: GBP24.00$c2\0$e01-jan-2014$fGBP24.00$g0$hP$5Uk
=ACF  \\$aPrevious copyright fee: GBP25.00$c2\0$e01-jan-2015$fGBP25.00$g0$hP$5Uk
=ACF  \\$aPrevious copyright fee: GBP26.00$c2\0$e01-jan-2016$fGBP26.00$g0$hP$5Uk
=ACF  \\$aPrevious copyright fee: GBP28.00$c2\0$e01-jan-2017$fGBP28.00$g0$hP$5Uk
=ACF  \\$aPrevious copyright fee: GBP30.00$c2\0$e01-jan-2018$fGBP30.00$g0$hP$5Uk
=ACF  \\$aPrevious copyright fee: GBP32.00$c2\0$e01-jan-2019$fGBP32.00$g0$hP$5Uk
=ACF  \\$aPrevious copyright fee: GBP34.00$c2\0$e01-jan-2020$fGBP34.00$g0$hP$5Uk
=CAT  \\$a11187$b40$c20051211$lBLL01$h1601
=CAT  \\$aIPL-CLA$c20131231$lBLL01$h2357
=CAT  \\$a11315$b40$c20141021$lBLL01$h1411
=CAT  \\$a11315$b40$c20141028$lBLL01$h0958
=CAT  \\$aBATCH-UPD$b40$c20141124$lBLL01$h1803
=CAT  \\$aBLDSS-3PM$b00$c20141130$lBLL01$h1249
=CAT  \\$aIPL-CLA$c20141231$lBLL01$h1653
=CAT  \\$aBATCH-UPD$b00$c20151119$lBLL01$h1543
=CAT  \\$aIPL-CLA$c20151231$lBLL01$h1923
=CAT  \\$a11433$b40$c20160116$lBLL01$h1000
=CAT  \\$a11315$b40$c20160216$lBLL01$h1405
=CAT  \\$a11315$b40$c20160216$lBLL01$h1413
=CAT  \\$aBATCH-UPD$b40$c20160726$lBLL01$h0615
=CAT  \\$aBATCH-UPD$b40$c20161122$lBLL01$h1512
=CAT  \\$aIPL-CLA$c20161230$lBLL01$h2150
=CAT  \\$aBATCH-UPD$b00$c20171121$lBLL01$h1647
=CAT  \\$aW1711-1005$c20171206$lBLL01$h1818
=CAT  \\$aIPL-CLA$c20171231$lBLL01$h1649
=CAT  \\$aBATCH-UPD$b00$c20181217$lBLL01$h1638
=CAT  \\$aIPL-CLA$c20181231$lBLL01$h1543
=CAT  \\$aBATCH-UPD$b00$c20191122$lBLL01$h1900
=CAT  \\$aIPL-CLA$c20191231$lBLL01$h1937
=CAT  \\$aBATCH-UPD$b00$c20201118$lBLL01$h1334
=CAT  \\$aIPL-CLA$c20201231$lBLL01$h1529
=CAT  \\$aBATCH-UPD$b00$c20221121$lBLL01$h1347
=CAT  \\$aIPL-CLA$c20221231$lBLL01$h1447
=CFI  0\$aCurrent copyright fee: GBP37.00$c2\0$e01-jan-2023$fGBP37.00$g0$hP$5Uk
=CFI  2\$aPrevious copyright fee: GBP35.00$c2\0$e01-jan-2021$fGBP35.00$g0$hP$5Uk
=EST  \\$a1
=FFP  \\$aY$bBLDSS-3PM
=FIN  \\$aY$d20051211
=FMT  \\$a  SE
=LAS  \\$aIPL-CLA$b00$c20221231$lBLL01$h1447
=LEO  \\$aMP22.0000059191
=LET  \0$aLaterality (Electronic)
=MNI  \\$a1357-650X
=SID  \\$aZ39$bOCLC
=SRC  \\$aISN01$bbibmp22.200404.2.aa
=TCO  \\$aCLA$bCLA$c008
=TOC  \\$aETOC

