=LDR  05368cas a2201213 i 4500
=001  013358087
=003  Uk
=005  20221231144705.0
=006  m\\\\\\\\d\\\\\\\\
=007  cr\|||||||||||
=008  971015c19869999enkqr\pss\\\\\0\\\a0eng\d
=010  \\$a00238786
=015  \\$aGBA605324$2bnb
=022  \\$a1466-4518$y0266-5433
=037  \\$aISSN_02665433$bPortico$nTaylor & Francis
=040  \\$aF#A$cF#A$dOCL$dIUL$dOCLCQ$dCGU$dOCL$dUk
=042  \\$aukblsr
=082  04$a711.09005$223
=130  0\$aPlanning perspectives (Online)
=210  0\$aPlan. perspect.$b(Online)
=222  \0$aPlanning perspectives$b(Online)
=245  10$aPlanning perspectives$h[electronic resource].
=260  \\$a[Andover, Hants, United Kingdom] :$bChapman & Hall,$c[1999]-
=260  2\$a[London] :$bE & FN Spon
=264  31$a[Abingdon, Oxfordshire?] :$bRoutledge
=310  \\$aQuarterly
=336  \\$atext$2rdacontent
=337  \\$acomputer$2rdamedia
=338  \\$aonline resource$2rdacarrier
=362  1\$aPrint began with vol. 1, no. 1 (Jan. 1986).
=500  \\$aDescription based on: Vol. 11, no. 1 (Jan. 1996); title from journal information screen.
=530  \\$aAlso issued in print.
=538  \\$aMode of access: World Wide Web.
=540  \\$aCurrent copyright fee: GBP37.00$c2\0$5Uk
=588  \\$aLatest issue consulted: volume 31, issue 1 (2016) (viewed January 28, 2016).
=650  \0$aCity planning$vPeriodicals.
=650  \0$aLand use$xPlanning$vPeriodicals.
=650  \0$aPlanning$vPeriodicals.
=710  2\$aInternational Planning History Society.
=776  1\$tPlanning perspectives$x0266-5433
=852  41$aBritish Library$bHMNTS$jELD Digital store$3Volume 31:Number 1(2016)-
=852  41$aBritish Library$bDSC$j6509.252300$3Volume 21:Issue 1(2006)-Volume 26:Issue 4(2011)***See ESTAR for full holdings.
=856  \\$31850-9999$uhttp://www.tandfonline.com/$xBLDSS
=856  40$uhttp://www.tandfonline.com/toc/rppe20/current
=859  \\$aELD$bejournal
=945  \\$aPLANNING PERSPECTIVES.
=959  \\$fHeld but not currently received
=979  \\$aBritish Library$bDSC$j6509.252300
=985  \\$aCONFERENCE ANALYTIC RECORDS EXIST
=985  \\$aISSN responsibility taken by US ISSN Center (multinational publisher), August 21 2013.
=ACF  \\$aPrevious copyright fee: GBP17.00$c2\0$e01-jan-2010$fGBP17.00$g0$hP$5Uk
=ACF  \\$aPrevious copyright fee: GBP16.00$c2\0$e01-jan-2009$fGBP16.00$g0$hP$5Uk
=ACF  \\$aPrevious copyright fee: GBP15.00$c2\0$e01-apr-2008$fGBP15.00$g0$hP$5Uk
=ACF  \\$aPrevious copyright fee: GBP16.00$c2\0$e01-jan-2007$fGBP16.00$g0$hP$5Uk
=ACF  \\$aPrevious copyright fee: GBP13.00$c2\0$e01-jan-2005$fGBP13.00$g0$hP$5Uk
=ACF  \\$aPrevious copyright fee: GBP21.00$c2\0$e01-jan-2011$fGBP21.00$g0$hP$5Uk
=ACF  \\$aPrevious copyright fee: GBP23.00$c2\0$e01-jan-2012$fGBP23.00$g0$hP$5Uk
=ACF  \\$aPrevious copyright fee: GBP23.50$c2\0$e01-jan-2013$fGBP23.50$g0$hP$5Uk
=ACF  \\$aPrevious copyright fee: GBP24.00$c2\0$e01-jan-2014$fGBP24.00$g0$hP$5Uk
=ACF  \\$aPrevious copyright fee: GBP25.00$c2\0$e01-jan-2015$fGBP25.00$g0$hP$5Uk
=ACF  \\$aPrevious copyright fee: GBP26.00$c2\0$e01-jan-2016$fGBP26.00$g0$hP$5Uk
=ACF  \\$aPrevious copyright fee: GBP28.00$c2\0$e01-jan-2017$fGBP28.00$g0$hP$5Uk
=ACF  \\$aPrevious copyright fee: GBP30.00$c2\0$e01-jan-2018$fGBP30.00$g0$hP$5Uk
=ACF  \\$aPrevious copyright fee: GBP32.00$c2\0$e01-jan-2019$fGBP32.00$g0$hP$5Uk
=ACF  \\$aPrevious copyright fee: GBP34.00$c2\0$e01-jan-2020$fGBP34.00$g0$hP$5Uk
=CAT  \\$a11281$b40$c20051212$lBLL01$h1151
=CAT  \\$aBATCH-UPD$b00$c20141124$lBLL01$h1803
=CAT  \\$aBLDSS-3PM$b00$c20141130$lBLL01$h1249
=CAT  \\$aIPL-CLA$c20141231$lBLL01$h1653
=CAT  \\$aBATCH-UPD$b00$c20151119$lBLL01$h1543
=CAT  \\$a14412$b40$c20151229$lBLL01$h1216
=CAT  \\$aIPL-CLA$c20151231$lBLL01$h1923
=CAT  \\$a10806$b40$c20160128$lBLL01$h1350
=CAT  \\$a10806$b40$c20160128$lBLL01$h1352
=CAT  \\$a10806$b40$c20160128$lBLL01$h1418
=CAT  \\$a14412$b40$c20160201$lBLL01$h0933
=CAT  \\$aBATCH-UPD$b40$c20160725$lBLL01$h1347
=CAT  \\$aBATCH-UPD$b40$c20161122$lBLL01$h1512
=CAT  \\$aIPL-CLA$c20161230$lBLL01$h2150
=CAT  \\$aBATCH-UPD$b00$c20171121$lBLL01$h1647
=CAT  \\$aW1711-1005$c20171206$lBLL01$h1818
=CAT  \\$aIPL-CLA$c20171231$lBLL01$h1649
=CAT  \\$aBATCH-UPD$b00$c20181217$lBLL01$h1638
=CAT  \\$aIPL-CLA$c20181231$lBLL01$h1543
=CAT  \\$aBATCH-UPD$b00$c20191122$lBLL01$h1900
=CAT  \\$aIPL-CLA$c20191231$lBLL01$h1937
=CAT  \\$a5410$b40$c20200818$lBLL01$h1944
=CAT  \\$aBATCH-UPD$b40$c20201118$lBLL01$h1334
=CAT  \\$aIPL-CLA$c20201231$lBLL01$h1529
=CAT  \\$aBATCH-UPD$b00$c20221121$lBLL01$h1347
=CAT  \\$aIPL-CLA$c20221231$lBLL01$h1447
=CFI  0\$aCurrent copyright fee: GBP37.00$c2\0$e01-jan-2023$fGBP37.00$g0$hP$5Uk
=CFI  2\$aPrevious copyright fee: GBP35.00$c2\0$e01-jan-2021$fGBP35.00$g0$hP$5Uk
=EST  \\$a1
=FFP  \\$aY$bBLDSS-3PM
=FIN  \\$aY$d20051212
=FMT  \\$a  SE
=LAS  \\$aIPL-CLA$b00$c20221231$lBLL01$h1447
=LEO  \\$aMP22.0000061025
=MNI  \\$a0266-5433
=SID  \\$aZ39$bOCLC
=SRC  \\$aISN01$bbibmp22.200404.2.aa
=TCO  \\$aCLA$bCLA$c008
=TOC  \\$aETOC

