=LDR  05838cas a2201237 a 4500
=001  013358362
=003  Uk
=005  20230930080816.0
=006  m\\\\\\\\d\\\\\\\\
=007  cr\|||||||||||
=008  000914c19849999enkqr\pss\\\\\0\\\a0eng\d
=015  \\$aGBA605379$2bnb
=022  0\$a1469-9869
=037  \\$aISSN_09639489$bPortico$nTaylor & Francis
=040  \\$aF#A$cF#A$dOCLCQ$dOCLCS$dUk
=041  0\$aeng$afre$beng
=043  \\$ae-fr---
=082  04$a944$223
=130  0\$aModern & contemporary France (Online)
=210  0\$aMod. contemp. Fr.$b(Online)
=222  \0$aModern & contemporary France$b(Online)
=245  10$aModern & contemporary France$h[electronic resource].
=246  3\$aModern and contemporary France
=260  \\$a[Abingdon, Oxfordshire] :$bCarfax International Publishers,$c[2000]-
=264  31$a[Abingdon] :$bRoutledge, Taylor & Francis Group
=310  \\$aQuarterly
=336  \\$atext$2rdacontent
=337  \\$acomputer$2rdamedia
=338  \\$aonline resource$2rdacarrier
=362  1\$aPrint began with Nov. 1984 issue.
=500  \\$aDescription based on: Vol. 8 no. 2 (May 2000); title from journal information screen (viewed Aug. 30, 2000).
=530  \\$aAlso issued in print.
=538  \\$aMode of access: World Wide Web.
=540  \\$aCurrent copyright fee: GBP37.00$c2\0$5Uk
=546  \\$aArticles in English or French; abstracts in English.
=550  \\$aFounded by the Association for the Study of Modern & Contemporary France.
=588  \\$aLatest issue consulted: volume 24, issue 2 (2016), Taylor & Francis Online viewed April 28, 2016.
=651  \0$aFrance$xHistory$y18th century$vPeriodicals.
=651  \0$aFrance$xHistory$y1789-$vPeriodicals.
=651  \0$aFrance$xHistory$y20th century$vPeriodicals.
=710  2\$aAssociation for the Study of Modern and Contemporary France (Great Britain)
=776  1\$tModern & contemporary France$x0963-9489
=852  41$aBritish Library$bHMNTS$jELD Digital store$3Volume 24:Number 1(2016)-
=852  41$aBritish Library$bDSC$j5883.605000$3Volume 14:Issue 1(2006)-Volume 19:Issue 4(2011)***See ESTAR for full holdings.
=856  \\$31850-9999$uhttp://www.tandfonline.com/$xBLDSS
=856  40$uhttp://www.tandfonline.com/loi/cmcf20#.VyIGeFL2aic
=856  4\$uhttp://journalsonline.tandf.co.uk/app/home/journal.asp?wasp=d66fb250b7b04cf987f3f7dbe3f214df&referrer=parent&backto=searchpublicationsresults,1,1;homemain,1,1;
=859  \\$aELD$bejournal
=945  \\$aMODERN AND CONTEMPORARY FRANCE.
=959  \\$fHeld but not currently received
=979  \\$aBritish Library$bDSC$j5883.605000
=985  \\$aISSN responsibility taken by US ISSN Center, 11.09.2014.
=ACF  \\$aPrevious copyright fee: GBP17.00$c1\0$e01-jan-2010$fGBP17.00$g0$hP$5Uk
=ACF  \\$aPrevious copyright fee: GBP16.00$c1\0$e01-jan-2009$fGBP16.00$g0$hP$5Uk
=ACF  \\$aPrevious copyright fee: GBP15.00$c1\0$e01-apr-2008$fGBP15.00$g0$hP$5Uk
=ACF  \\$aPrevious copyright fee: GBP16.00$c1\0$e01-jan-2007$fGBP16.00$g0$hP$5Uk
=ACF  \\$aPrevious copyright fee: GBP13.00$c1\0$e01-jan-2005$fGBP13.00$g0$hP$5Uk
=ACF  \\$aPrevious copyright fee: GBP21.00$c1\0$e01-jan-2011$fGBP21.00$g0$hP$5Uk
=ACF  \\$aPrevious copyright fee: GBP23.00$c1\0$e01-jan-2012$fGBP23.00$g0$hP$5Uk
=ACF  \\$aPrevious copyright fee: GBP23.50$c1\0$e01-jan-2013$fGBP23.50$g0$hP$5Uk
=ACF  \\$aPrevious copyright fee: GBP24.00$c1\0$e01-jan-2014$fGBP24.00$g0$hP$5Uk
=ACF  \\$aPrevious copyright fee: GBP25.00$c1\0$e01-jan-2015$fGBP25.00$g0$hP$5Uk
=ACF  \\$aPrevious copyright fee: GBP26.00$c1\0$e01-jan-2016$fGBP26.00$g0$hP$5Uk
=ACF  \\$aPrevious copyright fee: GBP28.00$c1\0$e01-jan-2017$fGBP28.00$g0$hP$5Uk
=ACF  \\$aPrevious copyright fee: GBP30.00$c1\0$e01-jan-2018$fGBP30.00$g0$hP$5Uk
=ACF  \\$aPrevious copyright fee: GBP32.00$c1\0$e01-jan-2019$fGBP32.00$g0$hP$5Uk
=ACF  \\$aPrevious copyright fee: GBP34.00$c1\0$e01-jan-2020$fGBP34.00$g0$hP$5Uk
=ACF  \\$aPrevious copyright fee: GBP35.00$c1\0$e01-jan-2021$fGBP35.00$g0$hP$5Uk
=CAT  \\$a7332$b40$c20051212$lBLL01$h1458
=CAT  \\$aBLDSS-3PM$b00$c20141130$lBLL01$h1249
=CAT  \\$aIPL-CLA$c20141231$lBLL01$h1653
=CAT  \\$aBATCH-UPD$b00$c20151119$lBLL01$h1521
=CAT  \\$aIPL-CLA$c20151231$lBLL01$h1923
=CAT  \\$a8311$b40$c20160109$lBLL01$h0853
=CAT  \\$a14412$b40$c20160201$lBLL01$h1231
=CAT  \\$a11315$b40$c20160428$lBLL01$h1349
=CAT  \\$aBATCH-UPD$b40$c20160725$lBLL01$h2217
=CAT  \\$aBATCH-UPD$b40$c20161122$lBLL01$h1443
=CAT  \\$aIPL-CLA$c20161230$lBLL01$h2150
=CAT  \\$aBATCH-UPD$b00$c20171121$lBLL01$h1623
=CAT  \\$aW1711-1005$c20171206$lBLL01$h1818
=CAT  \\$aIPL-CLA$c20171231$lBLL01$h1650
=CAT  \\$aBATCH-UPD$b00$c20181217$lBLL01$h1629
=CAT  \\$aIPL-CLA$c20181231$lBLL01$h1543
=CAT  \\$aBATCH-UPD$b00$c20191122$lBLL01$h1842
=CAT  \\$aIPL-CLA$c20191231$lBLL01$h1937
=CAT  \\$a5410$b40$c20200911$lBLL01$h0919
=CAT  \\$aBATCH-UPD$b40$c20201118$lBLL01$h1324
=CAT  \\$aIPL-CLA$c20201231$lBLL01$h1529
=CAT  \\$a5410$b40$c20221021$lBLL01$h1509
=CAT  \\$aBATCH-UPD$b40$c20221121$lBLL01$h1319
=CAT  \\$aIPL-CLA$c20221231$lBLL01$h1447
=CAT  \\$aR2308-1440$c20230824$lBLL01$h0928
=CAT  \\$aIPL-CLA$c20230930$lBLL01$h0808
=CFI  0\$aCurrent copyright fee: GBP37.00$c2\0$e01-oct-2023$fGBP37.00$g0$hP$5Uk
=CFI  2\$aPrevious copyright fee: GBP37.00$c1\0$e01-jan-2023$fGBP37.00$g0$hP$5Uk
=EST  \\$a1
=FFP  \\$aY$bBLDSS-3PM
=FIN  \\$aY$d20051212
=FMT  \\$a  SE
=LAS  \\$aIPL-CLA$b00$c20230930$lBLL01$h0808
=LET  \0$aModern & contemporary France (Electronic)
=MNI  \\$a0963-9489
=SID  \\$aZ39$bOCLC
=TCO  \\$aCLA$bCLA$c008
=TOC  \\$aETOC

