=LDR  05578cas a2201213 a 4500
=001  013358509
=003  Uk
=005  20230930080817.0
=006  m\\\\\\\\d\\\\\\\\
=007  cr\|||||||||||
=008  020426c19989999enkqr\pss\\\\\0\\\a0eng\d
=010  \\$a2002238379
=015  \\$aGBA605406$2bnb
=022  0\$a1469-9729
=037  \\$aISSN_13688804$bPortico$nTaylor & Francis
=040  \\$aIUL$cIUL$dOCLCQ$dTXI$dF#A$dUk
=042  \\$aukblsr
=082  04$a070.09$223
=130  0\$aMedia history (Online)
=210  0\$aMedia hist.$b(Online)
=222  \0$aMedia history$b(Online)
=245  10$aMedia history$h[electronic resource].
=260  \\$a[London] :$bCarfax,$c[2000]-
=264  31$a[Abingdon] :$bTaylor & Francis Group
=310  \\$aQuarterly,$b2009-
=321  \\$aThree issues yearly,$b2003-2008
=321  \\$aTwo issues yearly,$b1998-2002
=336  \\$atext$2rdacontent
=337  \\$acomputer$2rdamedia
=338  \\$aonline resource$2rdacarrier
=362  1\$aPrint began with vol. 4, no. 1 (June 1998).
=500  \\$aSome issues have also a unique title.
=530  \\$aAlso issued in print.
=538  \\$aMode of access: World Wide Web.
=540  \\$aCurrent copyright fee: GBP37.00$c2\0$5Uk
=588  \\$aDescription based on: Vol. 6, no. 1 (June 2000); title from introductory page, viewed Apr. 26, 2002.
=588  \\$aLatest issue consulted: volume 22, issue 2 (2016), Taylor & Francis Online viewed April 12, 2016.
=650  \0$aMass media$xHistory$vPeriodicals.
=650  \0$aPress$xHistory$vPeriodicals.
=650  \0$aJournalism$xHistory$vPeriodicals.
=776  1\$tMedia history$x1368-8804
=780  00$tStudies in newspaper and periodical history
=852  41$aBritish Library$bHMNTS$jELD Digital store$3Volume 22:Issue 1(2016)-***Previous issues available in print copy
=852  41$aBritish Library$bDSC$j5525.258132$3Volume 12:Issue 1(2006)-Volume 17:Issue 4(2011)***See ESTAR for full holdings.
=856  \\$31850-9999$uhttp://www.tandfonline.com/$xBLDSS
=856  4\$uhttp://journalsonline.tandf.co.uk/app/home/journal.asp?wasp=8a204a2e5ac249eab141898eecbb5d32&referrer=parent&backto=searchpublicationsresults,1,1;homemain,1,1;
=859  \\$aELD$bejournal
=945  \\$aMEDIA HISTORY.
=959  \\$fHeld but not currently received
=985  \\$aISSN note: responsibility for ISSN transferred to ISSN US Centre from ISSN UK Centre (multinational agreement), 13.03.14.
=ACF  \\$aPrevious copyright fee: GBP17.00$c1\0$e01-jan-2010$fGBP17.00$g0$hP$5Uk
=ACF  \\$aPrevious copyright fee: GBP16.00$c1\0$e01-jan-2009$fGBP16.00$g0$hP$5Uk
=ACF  \\$aPrevious copyright fee: GBP15.00$c1\0$e01-apr-2008$fGBP15.00$g0$hP$5Uk
=ACF  \\$aPrevious copyright fee: GBP16.00$c1\0$e01-jan-2007$fGBP16.00$g0$hP$5Uk
=ACF  \\$aPrevious copyright fee: GBP13.00$c1\0$e01-jan-2005$fGBP13.00$g0$hP$5Uk
=ACF  \\$aPrevious copyright fee: GBP21.00$c1\0$e01-jan-2011$fGBP21.00$g0$hP$5Uk
=ACF  \\$aPrevious copyright fee: GBP23.00$c1\0$e01-jan-2012$fGBP23.00$g0$hP$5Uk
=ACF  \\$aPrevious copyright fee: GBP23.50$c1\0$e01-jan-2013$fGBP23.50$g0$hP$5Uk
=ACF  \\$aPrevious copyright fee: GBP24.00$c1\0$e01-jan-2014$fGBP24.00$g0$hP$5Uk
=ACF  \\$aPrevious copyright fee: GBP25.00$c1\0$e01-jan-2015$fGBP25.00$g0$hP$5Uk
=ACF  \\$aPrevious copyright fee: GBP26.00$c1\0$e01-jan-2016$fGBP26.00$g0$hP$5Uk
=ACF  \\$aPrevious copyright fee: GBP28.00$c1\0$e01-jan-2017$fGBP28.00$g0$hP$5Uk
=ACF  \\$aPrevious copyright fee: GBP30.00$c1\0$e01-jan-2018$fGBP30.00$g0$hP$5Uk
=ACF  \\$aPrevious copyright fee: GBP32.00$c1\0$e01-jan-2019$fGBP32.00$g0$hP$5Uk
=ACF  \\$aPrevious copyright fee: GBP34.00$c1\0$e01-jan-2020$fGBP34.00$g0$hP$5Uk
=ACF  \\$aPrevious copyright fee: GBP35.00$c1\0$e01-jan-2021$fGBP35.00$g0$hP$5Uk
=CAT  \\$a7332$b40$c20051212$lBLL01$h1641
=CAT  \\$aWR14_140$c20140905$lBLL01$h1810
=CAT  \\$aBATCH-UPD$b00$c20141124$lBLL01$h1742
=CAT  \\$aBLDSS-3PM$b00$c20141130$lBLL01$h1249
=CAT  \\$aIPL-CLA$c20141231$lBLL01$h1653
=CAT  \\$aBATCH-UPD$b00$c20151119$lBLL01$h1521
=CAT  \\$aIPL-CLA$c20151231$lBLL01$h1923
=CAT  \\$a14448$b40$c20160112$lBLL01$h0839
=CAT  \\$a14412$b40$c20160201$lBLL01$h1538
=CAT  \\$a11315$b40$c20160412$lBLL01$h1529
=CAT  \\$aBATCH-UPD$b40$c20160726$lBLL01$h0720
=CAT  \\$aBATCH-UPD$b40$c20161122$lBLL01$h1443
=CAT  \\$aIPL-CLA$c20161230$lBLL01$h2150
=CAT  \\$aBATCH-UPD$b00$c20171121$lBLL01$h1623
=CAT  \\$aW1711-1005$c20171206$lBLL01$h1818
=CAT  \\$aIPL-CLA$c20171231$lBLL01$h1650
=CAT  \\$aBATCH-UPD$b00$c20181217$lBLL01$h1629
=CAT  \\$aIPL-CLA$c20181231$lBLL01$h1543
=CAT  \\$aBATCH-UPD$b00$c20191122$lBLL01$h1842
=CAT  \\$aIPL-CLA$c20191231$lBLL01$h1937
=CAT  \\$aBATCH-UPD$b00$c20201118$lBLL01$h1324
=CAT  \\$aIPL-CLA$c20201231$lBLL01$h1529
=CAT  \\$aBATCH-UPD$b00$c20221121$lBLL01$h1319
=CAT  \\$aIPL-CLA$c20221231$lBLL01$h1447
=CAT  \\$aR2308-1440$c20230824$lBLL01$h0928
=CAT  \\$aIPL-CLA$c20230930$lBLL01$h0808
=CFI  0\$aCurrent copyright fee: GBP37.00$c2\0$e01-oct-2023$fGBP37.00$g0$hP$5Uk
=CFI  2\$aPrevious copyright fee: GBP37.00$c1\0$e01-jan-2023$fGBP37.00$g0$hP$5Uk
=EST  \\$a1
=FFP  \\$aY$bBLDSS-3PM
=FIN  \\$aY$d20051212
=FMT  \\$a  SE
=LAS  \\$aIPL-CLA$b00$c20230930$lBLL01$h0808
=LET  \0$aMedia history (Electronic)
=MNI  \\$a1368-8804
=SID  \\$aZ39$bOCLC
=TCO  \\$aCLA$bCLA$c008
=TOC  \\$aETOC

