=LDR  05023cas a2201129 a 4500
=001  013358537
=003  Uk
=005  20221231144705.0
=006  m\\\\\\\\u\\\\\\\\
=007  cr|cnu||||||||
=008  030806c19739999enkbr\pss\\\\\0\\\a0eng\d
=015  \\$aGBA605410$2bnb
=022  0\$a1743-9361
=037  \\$aISSN_03066150$bPortico$nTaylor & Francis
=040  \\$aAMH$beng$cAMH$dOCLCQ$dUk
=042  \\$aukblsr
=082  04$a305.563305$222
=130  0\$aJournal of peasant studies (Online)
=222  \4$aThe journal of peasant studies$b(Online)
=245  14$aThe Journal of peasant studies$h[electronic resource].
=260  \\$aLondon :$bF. Cass & Co.,$c[2001]-
=264  21$a[Abingdon] :$bTaylor & Francis
=264  31$a[Abingdon] :$bRoutledge
=310  \\$aBimonthly
=336  \\$atext$2rdacontent
=337  \\$acomputer$2rdamedia
=338  \\$aonline resource$2rdacarrier
=362  1\$aPrint began with vol. 1, no. 1 (Oct. 1973).
=530  \\$aAlso issued in print.
=538  \\$aMode of access: World Wide Web.
=540  \\$aCurrent copyright fee: GBP37.00$c2\0$5Uk
=588  \\$aLatest issue consulted: Volume 42, issue 6 (2015) (Taylor & Francis Online, viewed January 11, 2016).
=650  \0$aPeasantry$vPeriodicals.
=650  \0$aSociology, Rural$vPeriodicals.
=650  \0$aRural development$vPeriodicals.
=690  7\$aSocial Welfare$2blcoll
=776  1\$tJournal of peasant studies$x0306-6150
=852  41$aBritish Library$bHMNTS$jELD Digital store$3Volume 43:Issue 1(2016)-
=852  41$aBritish Library$bDSC$j5030.150000$3Volume 33:Issue 1(2006)-Volume 38:Issue 5(2011)***See ESTAR for full holdings.
=856  \\$31850-9999$uhttp://www.tandfonline.com/$xBLDSS
=856  4\$uhttp://www.tandfonline.com/toc/fjps20/current
=859  \\$aELD$bejournal
=945  \\$aJOURNAL OF PEASANT STUDIES.
=959  \\$fHeld but not currently received
=985  \\$aISSN responsibility taken by United States ISSN Center (multinational publisher agreement), May 28 2014.
=ACF  \\$aPrevious copyright fee: GBP17.00$c2\0$e01-jan-2010$fGBP17.00$g0$hP$5Uk
=ACF  \\$aPrevious copyright fee: GBP16.00$c2\0$e01-jan-2009$fGBP16.00$g0$hP$5Uk
=ACF  \\$aPrevious copyright fee: GBP15.00$c2\0$e01-apr-2008$fGBP15.00$g0$hP$5Uk
=ACF  \\$aPrevious copyright fee: GBP16.00$c2\0$e01-jan-2007$fGBP16.00$g0$hP$5Uk
=ACF  \\$aPrevious copyright fee: GBP13.00$c2\0$e01-jan-2005$fGBP13.00$g0$hP$5Uk
=ACF  \\$aPrevious copyright fee: GBP21.00$c2\0$e01-jan-2011$fGBP21.00$g0$hP$5Uk
=ACF  \\$aPrevious copyright fee: GBP23.00$c2\0$e01-jan-2012$fGBP23.00$g0$hP$5Uk
=ACF  \\$aPrevious copyright fee: GBP23.50$c2\0$e01-jan-2013$fGBP23.50$g0$hP$5Uk
=ACF  \\$aPrevious copyright fee: GBP24.00$c2\0$e01-jan-2014$fGBP24.00$g0$hP$5Uk
=ACF  \\$aPrevious copyright fee: GBP25.00$c2\0$e01-jan-2015$fGBP25.00$g0$hP$5Uk
=ACF  \\$aPrevious copyright fee: GBP26.00$c2\0$e01-jan-2016$fGBP26.00$g0$hP$5Uk
=ACF  \\$aPrevious copyright fee: GBP28.00$c2\0$e01-jan-2017$fGBP28.00$g0$hP$5Uk
=ACF  \\$aPrevious copyright fee: GBP30.00$c2\0$e01-jan-2018$fGBP30.00$g0$hP$5Uk
=ACF  \\$aPrevious copyright fee: GBP32.00$c2\0$e01-jan-2019$fGBP32.00$g0$hP$5Uk
=ACF  \\$aPrevious copyright fee: GBP34.00$c2\0$e01-jan-2020$fGBP34.00$g0$hP$5Uk
=CAT  \\$a8141$b40$c20051212$lBLL01$h1706
=CAT  \\$a11205$b40$c20140521$lBLL01$h1608
=CAT  \\$a11313$b40$c20140528$lBLL01$h0848
=CAT  \\$aBATCH-UPD$b40$c20141124$lBLL01$h1803
=CAT  \\$aBLDSS-3PM$b00$c20141130$lBLL01$h1249
=CAT  \\$aIPL-CLA$c20141231$lBLL01$h1653
=CAT  \\$aBATCH-UPD$b00$c20151119$lBLL01$h1543
=CAT  \\$a14448$b40$c20151212$lBLL01$h0823
=CAT  \\$aIPL-CLA$c20151231$lBLL01$h1923
=CAT  \\$a10973$b40$c20160111$lBLL01$h1638
=CAT  \\$a10973$b40$c20160111$lBLL01$h1642
=CAT  \\$a14448$b40$c20160129$lBLL01$h1201
=CAT  \\$aBATCH-UPD$b40$c20160717$lBLL01$h2301
=CAT  \\$aBATCH-UPD$b40$c20161122$lBLL01$h1512
=CAT  \\$aIPL-CLA$c20161230$lBLL01$h2150
=CAT  \\$aBATCH-UPD$b00$c20171121$lBLL01$h1647
=CAT  \\$aW1711-1005$c20171206$lBLL01$h1818
=CAT  \\$aIPL-CLA$c20171231$lBLL01$h1650
=CAT  \\$aBATCH-UPD$b00$c20181217$lBLL01$h1638
=CAT  \\$aIPL-CLA$c20181231$lBLL01$h1543
=CAT  \\$aBATCH-UPD$b00$c20191122$lBLL01$h1900
=CAT  \\$aIPL-CLA$c20191231$lBLL01$h1937
=CAT  \\$aBATCH-UPD$b00$c20201118$lBLL01$h1334
=CAT  \\$aIPL-CLA$c20201231$lBLL01$h1529
=CAT  \\$aBATCH-UPD$b00$c20221121$lBLL01$h1347
=CAT  \\$aIPL-CLA$c20221231$lBLL01$h1447
=CFI  0\$aCurrent copyright fee: GBP37.00$c2\0$e01-jan-2023$fGBP37.00$g0$hP$5Uk
=CFI  2\$aPrevious copyright fee: GBP35.00$c2\0$e01-jan-2021$fGBP35.00$g0$hP$5Uk
=EST  \\$a1
=FFP  \\$aY$bBLDSS-3PM
=FIN  \\$aY$d20051212
=FMT  \\$a  SE
=LAS  \\$aIPL-CLA$b00$c20221231$lBLL01$h1447
=MNI  \\$a0306-6150
=SID  \\$aZ39$bOCLC
=TCO  \\$aCLA$bCLA$c008
=TOC  \\$aETOC

