=LDR  05700cas a2201177 a 4500
=001  013358930
=003  Uk
=005  20221231144706.0
=006  m\\\\\\\\d\\\\\\\\
=007  cr\mnu||||||||
=008  040923c20049999enkbr\pss\\\\\0\\\a0eng\d
=015  \\$aGBA605659$2bnb
=022  0\$a1740-5610$y1740-5629
=037  \\$aISSN_17405629$bPortico$nTaylor & Francis
=040  \\$aF#A$beng$cF#A$dOCLCQ$dUk
=042  \\$aukblsr
=082  04$a155$222
=130  0\$aEuropean journal of developmental psychology (Online)
=222  \0$aEuropean journal of developmental psychology$b(Online)
=245  10$aEuropean journal of developmental psychology$h[electronic resource].
=260  \\$aLondon ;$aAbingdon :$bPsychology Press,$c2004-
=264  31$aAbingdon :$bTaylor & Francis
=310  \\$aBimonthly
=321  \\$aQuarterly
=336  \\$atext$2rdacontent
=337  \\$acomputer$2rdamedia
=338  \\$aonline resource$2rdacarrier
=362  0\$aVol. 1, no. 1 (2004)-
=500  \\$aTitle from journal information screen (FirstSearch, viewed Sept. 21, 2004).
=538  \\$aMode of access: World Wide Web.
=540  \\$aCurrent copyright fee: GBP37.00$c2\0$5Uk
=550  \\$aOfficial publication of the European Society for Developmental Psychology, 2004->; European Association for Developmental Psychology, <2012-.
=588  \\$aLatest issue consulted: volume 13, issue 1 (2016) (Taylor & Francis Online, viewed February 22, 2016).
=650  \0$aDevelopmental psychology$vPeriodicals.
=650  \0$aDevelopmental psychology$zEurope$vPeriodicals.
=710  2\$aEuropean Society for Developmental Psychology.
=710  2\$aEuropean Association for Developmental Psychology.
=776  08$iAlso issued in print as:$tEuropean journal of developmental psychology$x1740-5629
=852  41$aBritish Library$bHMNTS$jELD Digital store$3Volume 13:Issue 1(2016)-***Previous issues available in print copy
=852  41$aBritish Library$bDSC$j3829.728282$3Volume 3:Issue 1(2007)-Volume 8:Issue 5(2011)***See ESTAR for full holdings.
=856  40$31850-9999$uhttp://www.tandfonline.com/$xBLDSS
=856  40$uhttp://www.tandfonline.com/toc/pedp20/current
=859  \\$aELD$bejournal
=945  \\$aEuropean journal of developmental psychology
=959  \\$fHeld but not currently received
=985  \\$aISSN responsibility taken by US ISSN Center, 11.09.2014.
=ACF  \\$aPrevious copyright fee: GBP21.00$c2\0$e01-jan-2010$fGBP21.00$g0$hP$5Uk
=ACF  \\$aPrevious copyright fee: GBP20.00$c2\0$e01-jan-2009$fGBP20.00$g0$hP$5Uk
=ACF  \\$aPrevious copyright fee: GBP19.00$c2\0$e01-apr-2008$fGBP19.00$g0$hP$5Uk
=ACF  \\$aPrevious copyright fee: GBP20.00$c2\0$e01-jan-2007$fGBP20.00$g0$hP$5Uk
=ACF  \\$aPrevious copyright fee: GBP18.00$c2\0$e01-jan-2005$fGBP18.00$g0$hP$5Uk
=ACF  \\$aPrevious copyright fee: GBP25.00$c2\0$e01-jan-2011$fGBP25.00$g0$hP$5Uk
=ACF  \\$aPrevious copyright fee: GBP27.50$c2\0$e01-jan-2013$fGBP27.50$g0$hP$5Uk
=ACF  \\$aPrevious copyright fee: GBP27.00$c2\0$e01-jan-2012$fGBP27.00$g0$hP$5Uk
=ACF  \\$aPrevious copyright fee: GBP23.50$c2\0$e04-nov-2013$fGBP23.50$g0$hP$5Uk
=ACF  \\$aPrevious copyright fee: GBP24.00$c2\0$e01-jan-2014$fGBP24.00$g0$hP$5Uk
=ACF  \\$aPrevious copyright fee: GBP25.00$c2\0$e01-jan-2015$fGBP25.00$g0$hP$5Uk
=ACF  \\$aPrevious copyright fee: GBP26.00$c2\0$e01-jan-2016$fGBP26.00$g0$hP$5Uk
=ACF  \\$aPrevious copyright fee: GBP28.00$c2\0$e01-jan-2017$fGBP28.00$g0$hP$5Uk
=ACF  \\$aPrevious copyright fee: GBP30.00$c2\0$e01-jan-2018$fGBP30.00$g0$hP$5Uk
=ACF  \\$aPrevious copyright fee: GBP32.00$c2\0$e01-jan-2019$fGBP32.00$g0$hP$5Uk
=ACF  \\$aPrevious copyright fee: GBP34.00$c2\0$e01-jan-2020$fGBP34.00$g0$hP$5Uk
=CAT  \\$a11281$b40$c20051213$lBLL01$h0945
=CAT  \\$a11205$b40$c20140909$lBLL01$h1356
=CAT  \\$a11313$b40$c20140911$lBLL01$h0834
=CAT  \\$aBATCH-UPD$b40$c20141124$lBLL01$h1803
=CAT  \\$aBLDSS-3PM$b00$c20141130$lBLL01$h1249
=CAT  \\$aIPL-CLA$c20141231$lBLL01$h1653
=CAT  \\$aBATCH-UPD$b00$c20151119$lBLL01$h1543
=CAT  \\$aIPL-CLA$c20151231$lBLL01$h1923
=CAT  \\$a8464$b40$c20160119$lBLL01$h1419
=CAT  \\$a8464$b40$c20160204$lBLL01$h1343
=CAT  \\$a11205$b40$c20160222$lBLL01$h1338
=CAT  \\$a11205$b40$c20160222$lBLL01$h1341
=CAT  \\$aBATCH-UPD$b40$c20160620$lBLL01$h0206
=CAT  \\$aBATCH-UPD$b40$c20161122$lBLL01$h1512
=CAT  \\$aIPL-CLA$c20161230$lBLL01$h2150
=CAT  \\$aBATCH-UPD$b00$c20171121$lBLL01$h1647
=CAT  \\$aW1711-1005$c20171206$lBLL01$h1818
=CAT  \\$aIPL-CLA$c20171231$lBLL01$h1650
=CAT  \\$aBATCH-UPD$b00$c20181217$lBLL01$h1638
=CAT  \\$aIPL-CLA$c20181231$lBLL01$h1543
=CAT  \\$aBATCH-UPD$b00$c20191122$lBLL01$h1900
=CAT  \\$aIPL-CLA$c20191231$lBLL01$h1937
=CAT  \\$aBATCH-UPD$b00$c20201118$lBLL01$h1334
=CAT  \\$aIPL-CLA$c20201231$lBLL01$h1529
=CAT  \\$aBATCH-UPD$b00$c20221121$lBLL01$h1347
=CAT  \\$aIPL-CLA$c20221231$lBLL01$h1447
=CFI  0\$aCurrent copyright fee: GBP37.00$c2\0$e01-jan-2023$fGBP37.00$g0$hP$5Uk
=CFI  2\$aPrevious copyright fee: GBP35.00$c2\0$e01-jan-2021$fGBP35.00$g0$hP$5Uk
=EST  \\$a1
=FFP  \\$aY$bBLDSS-3PM
=FIN  \\$aY$d20051213
=FMT  \\$a  SE
=LAS  \\$aIPL-CLA$b00$c20221231$lBLL01$h1447
=LET  \0$aEuropean journal of developmental psychology (Electronic)
=LKR  \\$aPAR$b012909201$lBLL01$nEuropean journal of developmental psychology (Print)$mEuropean journal of developmental psychology (Online)$r776
=MNI  \\$a1740-5629
=SID  \\$aZ39$bOCLC
=TCO  \\$aCLA$bCLA$c008
=TOC  \\$aETOC

