=LDR  05961cas a2201213 a 4500
=001  013359312
=003  Uk
=005  20230930080821.0
=006  m\\\\\\\\d\\\\\\\\
=007  cr\|||||||||||
=008  000914c19989999enkmn\pss\\\\\0\\\a0eng\d
=015  \\$aGBA605741$2bnb
=022  0\$a1469-9737
=037  \\$aISSN_13674676$bPortico$nTaylor & Francis
=040  \\$aF#A$cF#A$dOCLCQ$dCGU$dOCLCQ$dOCL$dUk
=082  04$a306.461$223
=130  0\$aMental health, religion & culture (Online)
=210  0\$aMent. health relig. cult.$b(Online)
=222  \0$aMental health, religion & culture$b(Online)
=245  10$aMental health, religion & culture$h[electronic resource].
=246  3\$aMental health, religion and culture (Online)
=260  \\$a[Abingdon, Oxfordshire] :$bCarfax International Publishers,$c[2000]-
=260  3\$a[Abingdon] :$bRoutledge, Taylor & Francis
=310  \\$aTen times a year,$b2011-
=321  \\$aFrequency varies,$b-2010
=336  \\$atext$2rdacontent
=337  \\$acomputer$2rdamedia
=338  \\$aonline resource$2rdacarrier
=362  1\$aPrint began with vol. 1, no. 1 (May 1998).
=500  \\$aDescription based on: Vol. 3, no. 1 (May 2000); title from journal information screen (viewed Aug. 30, 2000).
=530  \\$aAlso issued in print.
=538  \\$aMode of access: World Wide Web.
=540  \\$aCurrent copyright fee: GBP37.00$c2\0$5Uk
=588  \\$aLatest issue consulted: volume 19, issue 2 (2016), Taylor & Francis Online viewed April 21, 2016.
=650  \0$aMental health$xReligious aspects$vPeriodicals.
=650  \0$aReligion and culture$vPeriodicals.
=650  \0$aMedicine$xReligious aspects$vPeriodicals.
=650  \0$aMentally ill$xPastoral counseling of$vPeriodicals.
=690  7\$aSocial Welfare$2blcoll
=776  1\$tMental health, religion & culture$x1367-4676
=852  41$aBritish Library$bHMNTS$jELD Digital store$3Volume 19:Issue 1(2016)-***Previous issues available in print copy
=852  41$aBritish Library$bDSC$j5678.583780$3Volume 9:Issue 1(2006)-Volume 14:Issue 10(2011)***See ESTAR for full holdings.
=856  \\$31850-9999$uhttp://www.tandfonline.com/$xBLDSS
=856  40$uhttp://www.tandfonline.com/loi/cmhr20#.Vxiui1L2aic
=856  4\$uhttp://journalsonline.tandf.co.uk/app/home/journal.asp?wasp=8a204a2e5ac249eab141898eecbb5d32&referrer=parent&backto=searchpublicationsresults,5,6;homemain,1,1;
=859  \\$aELD$bejournal
=945  \\$aMENTAL HEALTH RELIGION AND CULTURE.
=959  \\$fHeld but not currently received
=985  \\$aISSN note: responsibility for ISSN transferred fron ISSN UK Centre to US ISSN Center under multinational publisher agreement. 19.06.14.
=ACF  \\$aPrevious copyright fee: GBP17.00$c1\0$e01-jan-2010$fGBP17.00$g0$hP$5Uk
=ACF  \\$aPrevious copyright fee: GBP16.00$c1\0$e01-jan-2009$fGBP16.00$g0$hP$5Uk
=ACF  \\$aPrevious copyright fee: GBP15.00$c1\0$e01-apr-2008$fGBP15.00$g0$hP$5Uk
=ACF  \\$aPrevious copyright fee: GBP16.00$c1\0$e01-jan-2007$fGBP16.00$g0$hP$5Uk
=ACF  \\$aPrevious copyright fee: GBP13.00$c1\0$e01-jan-2005$fGBP13.00$g0$hP$5Uk
=ACF  \\$aPrevious copyright fee: GBP21.00$c1\0$e01-jan-2011$fGBP21.00$g0$hP$5Uk
=ACF  \\$aPrevious copyright fee: GBP23.00$c1\0$e01-jan-2012$fGBP23.00$g0$hP$5Uk
=ACF  \\$aPrevious copyright fee: GBP23.50$c1\0$e01-jan-2013$fGBP23.50$g0$hP$5Uk
=ACF  \\$aPrevious copyright fee: GBP24.00$c1\0$e01-jan-2014$fGBP24.00$g0$hP$5Uk
=ACF  \\$aPrevious copyright fee: GBP25.00$c1\0$e01-jan-2015$fGBP25.00$g0$hP$5Uk
=ACF  \\$aPrevious copyright fee: GBP26.00$c1\0$e01-jan-2016$fGBP26.00$g0$hP$5Uk
=ACF  \\$aPrevious copyright fee: GBP28.00$c1\0$e01-jan-2017$fGBP28.00$g0$hP$5Uk
=ACF  \\$aPrevious copyright fee: GBP30.00$c1\0$e01-jan-2018$fGBP30.00$g0$hP$5Uk
=ACF  \\$aPrevious copyright fee: GBP32.00$c1\0$e01-jan-2019$fGBP32.00$g0$hP$5Uk
=ACF  \\$aPrevious copyright fee: GBP34.00$c1\0$e01-jan-2020$fGBP34.00$g0$hP$5Uk
=ACF  \\$aPrevious copyright fee: GBP35.00$c1\0$e01-jan-2021$fGBP35.00$g0$hP$5Uk
=CAT  \\$a7332$b40$c20051213$lBLL01$h1313
=CAT  \\$a11315$b40$c20140619$lBLL01$h0906
=CAT  \\$aBATCH-UPD$b40$c20141124$lBLL01$h1742
=CAT  \\$aBLDSS-3PM$b00$c20141130$lBLL01$h1249
=CAT  \\$aIPL-CLA$c20141231$lBLL01$h1653
=CAT  \\$aBATCH-UPD$b00$c20151119$lBLL01$h1521
=CAT  \\$aIPL-CLA$c20151231$lBLL01$h1923
=CAT  \\$a8311$b40$c20160109$lBLL01$h1147
=CAT  \\$a14412$b40$c20160201$lBLL01$h1526
=CAT  \\$a11315$b40$c20160421$lBLL01$h1144
=CAT  \\$aBATCH-UPD$b40$c20160522$lBLL01$h2348
=CAT  \\$aBATCH-UPD$b40$c20161122$lBLL01$h1443
=CAT  \\$aIPL-CLA$c20161230$lBLL01$h2150
=CAT  \\$aBATCH-UPD$b00$c20171121$lBLL01$h1623
=CAT  \\$aW1711-1005$c20171206$lBLL01$h1818
=CAT  \\$aIPL-CLA$c20171231$lBLL01$h1650
=CAT  \\$aBATCH-UPD$b00$c20181217$lBLL01$h1629
=CAT  \\$aIPL-CLA$c20181231$lBLL01$h1543
=CAT  \\$aBATCH-UPD$b00$c20191122$lBLL01$h1842
=CAT  \\$aIPL-CLA$c20191231$lBLL01$h1937
=CAT  \\$aBATCH-UPD$b00$c20201118$lBLL01$h1324
=CAT  \\$aIPL-CLA$c20201231$lBLL01$h1529
=CAT  \\$aBATCH-UPD$b00$c20221121$lBLL01$h1319
=CAT  \\$aIPL-CLA$c20221231$lBLL01$h1447
=CAT  \\$aR2308-1440$c20230824$lBLL01$h0928
=CAT  \\$aIPL-CLA$c20230930$lBLL01$h0808
=CFI  0\$aCurrent copyright fee: GBP37.00$c2\0$e01-oct-2023$fGBP37.00$g0$hP$5Uk
=CFI  2\$aPrevious copyright fee: GBP37.00$c1\0$e01-jan-2023$fGBP37.00$g0$hP$5Uk
=EST  \\$a1
=FFP  \\$aY$bBLDSS-3PM
=FIN  \\$aY$d20051213
=FMT  \\$a  SE
=LAS  \\$aIPL-CLA$b00$c20230930$lBLL01$h0808
=LET  \0$aMental health, religion & culture (Electronic)
=LKR  \\$aPAR$b011759237$lBLL01$r776$mMental health, religion & culture (Online)$nMental health, religion & culture
=MNI  \\$a1367-4676
=SID  \\$aZ39$bOCLC
=TCO  \\$aCLA$bCLA$c008
=TOC  \\$aETOC

