=LDR  05395cas a2201177 a 4500
=001  013359468
=003  Uk
=005  20221231144707.0
=006  m\\\\\\\\d\\\\\\\\
=007  cr\|||||||||||
=008  040504c19969999enktr\pss\\\\\0\\\a0eng\c
=010  \\$a2004699163
=015  \\$aGBA605757$2bnb
=022  0\$a1743-9418
=037  \\$aISSN_13629395$bPortico$nTaylor & Francis
=040  \\$aCUS$cCUS$dOCLCQ$dUk
=042  \\$aukblsr
=043  \\$amm-----
=050  \4$aDE100$b.M425
=082  04$a320.91822$223
=130  0\$aMediterranean politics (London, England : 1996 : Online)
=222  \0$aMediterranean politics$b(London. Online)
=245  10$aMediterranean politics$h[electronic resource].
=260  \\$aLondon :$bFrank Cass,$c[2001]-
=264  31$aAbingdon :$bTaylor & Francis
=310  \\$aThree times a year
=336  \\$atext$2rdacontent
=337  \\$acomputer$2rdamedia
=338  \\$aonline resource$2rdacarrier
=362  1\$aPrint began with v. 1, no. 1 (summer 1996).
=500  \\$aDescription based on print version record.
=530  \\$aAlso issued in print.
=538  \\$aMode of access: World Wide Web.
=540  \\$aCurrent copyright fee: GBP37.00$c2\0$5Uk
=580  \\$aContinues an annual with the same title published: London : Pinter.
=588  \\$aLatest issue consulted: volume 21, issue 2 (2016), Taylor & Francis Online viewed April 21, 2016.
=651  \0$aMediterranean Region$xPolitics and government$y1945-$vPeriodicals.
=776  1\$tMediterranean politics (London, England : 1996)$x1362-9395
=780  00$tMediterranean politics
=852  41$aBritish Library$bHMNTS$jELD Digital store$3Volume 21:Issue 1(2016)-***Previous issues avialable in print copy
=852  41$aBritish Library$bDSC$j5534.742300$3Volume 11:Issue 1(2006)-Volume 16:Issue 3(2011)***See ESTAR for full holdings.
=856  \\$31850-9999$uhttp://www.tandfonline.com/$xBLDSS
=856  40$uhttp://www.ingenta.com/isis/browsing/AllIssues/ingenta;jsessionid=fv6kmhr0u2q8.circus?journal=pubinfobike://fcp/med
=856  40$uhttp://www.tandfonline.com/loi/fmed20#.VxincVL2aic
=859  \\$aELD$bejournal
=945  \\$aMEDITERRANEAN POLITICS -LONDON- FRANK CASS-.
=959  \\$fHeld but not currently received
=985  \\$aISSN responsibility taken by US ISSN Center, 11.09.2014.
=ACF  \\$aPrevious copyright fee: GBP17.00$c2\0$e01-jan-2010$fGBP17.00$g0$hP$5Uk
=ACF  \\$aPrevious copyright fee: GBP16.00$c2\0$e01-jan-2009$fGBP16.00$g0$hP$5Uk
=ACF  \\$aPrevious copyright fee: GBP15.00$c2\0$e01-apr-2008$fGBP15.00$g0$hP$5Uk
=ACF  \\$aPrevious copyright fee: GBP16.00$c2\0$e01-jan-2007$fGBP16.00$g0$hP$5Uk
=ACF  \\$aPrevious copyright fee: GBP13.00$c2\0$e01-jan-2005$fGBP13.00$g0$hP$5Uk
=ACF  \\$aPrevious copyright fee: GBP21.00$c2\0$e01-jan-2011$fGBP21.00$g0$hP$5Uk
=ACF  \\$aPrevious copyright fee: GBP23.00$c2\0$e01-jan-2012$fGBP23.00$g0$hP$5Uk
=ACF  \\$aPrevious copyright fee: GBP23.50$c2\0$e01-jan-2013$fGBP23.50$g0$hP$5Uk
=ACF  \\$aPrevious copyright fee: GBP24.00$c2\0$e01-jan-2014$fGBP24.00$g0$hP$5Uk
=ACF  \\$aPrevious copyright fee: GBP25.00$c2\0$e01-jan-2015$fGBP25.00$g0$hP$5Uk
=ACF  \\$aPrevious copyright fee: GBP26.00$c2\0$e01-jan-2016$fGBP26.00$g0$hP$5Uk
=ACF  \\$aPrevious copyright fee: GBP28.00$c2\0$e01-jan-2017$fGBP28.00$g0$hP$5Uk
=ACF  \\$aPrevious copyright fee: GBP30.00$c2\0$e01-jan-2018$fGBP30.00$g0$hP$5Uk
=ACF  \\$aPrevious copyright fee: GBP32.00$c2\0$e01-jan-2019$fGBP32.00$g0$hP$5Uk
=ACF  \\$aPrevious copyright fee: GBP34.00$c2\0$e01-jan-2020$fGBP34.00$g0$hP$5Uk
=CAT  \\$a7332$b40$c20051213$lBLL01$h1425
=CAT  \\$aWR14_140$c20140905$lBLL01$h1810
=CAT  \\$a11205$b40$c20140909$lBLL01$h1158
=CAT  \\$a11313$b40$c20140911$lBLL01$h0829
=CAT  \\$aBATCH-UPD$b40$c20141124$lBLL01$h1803
=CAT  \\$aBLDSS-3PM$b00$c20141130$lBLL01$h1249
=CAT  \\$aIPL-CLA$c20141231$lBLL01$h1653
=CAT  \\$aBATCH-UPD$b00$c20151119$lBLL01$h1543
=CAT  \\$aIPL-CLA$c20151231$lBLL01$h1923
=CAT  \\$a8311$b40$c20160109$lBLL01$h1244
=CAT  \\$a14412$b40$c20160201$lBLL01$h1528
=CAT  \\$a11315$b40$c20160421$lBLL01$h1112
=CAT  \\$aBATCH-UPD$b40$c20160726$lBLL01$h0646
=CAT  \\$aBATCH-UPD$b40$c20161122$lBLL01$h1512
=CAT  \\$aIPL-CLA$c20161230$lBLL01$h2150
=CAT  \\$aBATCH-UPD$b00$c20171121$lBLL01$h1647
=CAT  \\$aW1711-1005$c20171206$lBLL01$h1818
=CAT  \\$aIPL-CLA$c20171231$lBLL01$h1650
=CAT  \\$aBATCH-UPD$b00$c20181217$lBLL01$h1638
=CAT  \\$aIPL-CLA$c20181231$lBLL01$h1543
=CAT  \\$aBATCH-UPD$b00$c20191122$lBLL01$h1900
=CAT  \\$aIPL-CLA$c20191231$lBLL01$h1937
=CAT  \\$aBATCH-UPD$b00$c20201118$lBLL01$h1334
=CAT  \\$aIPL-CLA$c20201231$lBLL01$h1529
=CAT  \\$aBATCH-UPD$b00$c20221121$lBLL01$h1347
=CAT  \\$aIPL-CLA$c20221231$lBLL01$h1447
=CFI  0\$aCurrent copyright fee: GBP37.00$c2\0$e01-jan-2023$fGBP37.00$g0$hP$5Uk
=CFI  2\$aPrevious copyright fee: GBP35.00$c2\0$e01-jan-2021$fGBP35.00$g0$hP$5Uk
=EST  \\$a1
=FFP  \\$aY$bBLDSS-3PM
=FIN  \\$aY$d20051213
=FMT  \\$a  SE
=LAS  \\$aIPL-CLA$b00$c20221231$lBLL01$h1447
=LET  \0$aMediterranean politics (London. 1996-. Electronic)
=MNI  \\$a1362-9395
=SID  \\$aZ39$bOCLC
=TCO  \\$aCLA$bCLA$c008
=TOC  \\$aETOC

