=LDR  05295cas a2201141 a 4500
=001  013359727
=003  Uk
=005  20230301130259.0
=006  m\\\\\\\\d\\\\\\\\
=007  cr\|||||||||||
=008  020821c19979999enkfx\pss\\\\\0\\\a0eng\d
=015  \\$aGBA605806$2bnb
=022  \\$a1477-2833
=037  \\$aISSN_10286632$bPortico$nTaylor & Francis
=040  \\$aF#A$cF#A$dOCLCQ$dUk
=042  \\$aukblsr
=082  04$a353.7$222
=130  0\$aInternational journal of cultural policy (Online)
=222  \0$aInternational journal of cultural policy$b(Online)
=245  14$aThe international journal of cultural policy$h[electronic resource] :$bCP.
=246  30$aCP
=260  \\$a[London] :$bGordon and Breach,$c[2002]-
=260  3\$aAbingdon :$bRoutledge
=310  \\$aTwo no. a year
=336  \\$atext$2rdacontent
=337  \\$acomputer$2rdamedia
=338  \\$aonline resource$2rdacarrier
=362  1\$aPrint began with vol. 4, no. 1 (Oct. 1997).
=500  \\$aDescription based on: Vol. 8, no. 1 (2002); title from journal information screen (viewed Aug. 11, 2002).
=530  \\$aAlso issued in print.
=538  \\$aMode of access: World Wide Web.
=540  \\$aCurrent copyright fee: GBP37.00$c2\0$5Uk
=588  \\$aLatest issue consulted: Volume 21, issue 5 (2015) (Taylor & Francis Online, viewed November 24, 2015).
=650  \0$aCultural policy$vPeriodicals.
=690  7\$aManagement and Business Studies$2blcoll
=776  0\$tInternational journal of cultural policy$x1028-6632
=852  41$aBritish Library$bDSC$j4542.180700$3Volume 12:Issue 1(2006)-Volume 23:Issue 6(2017)***See ESTAR for full holdings.
=852  41$aBritish Library$bHMNTS$jELD Digital store$3Volume 22:Issue 1(2016)-
=856  \\$31850-9999$uhttp://www.tandfonline.com/$xBLDSS
=856  40$uhttp://www.tandfonline.com/toc/gcul20/current
=856  4\$uhttp://journalsonline.tandf.co.uk/app/home/journal.asp?wasp=1lbfdmuxtp2wvgvwyjf6&referrer=parent&backto=searchpublicationsresults,1,1;homemain,1,1;
=859  \\$aELD$bejournal
=945  \\$aINTERNATIONAL JOURNAL OF CULTURAL POLICY.
=959  \\$fHeld but not currently received
=979  \\$aBritish Library$bDSC$j4542.180700
=985  \\$aISSN responsibility trnasferred to ISSN United States Center - 23/01/09
=ACF  \\$aPrevious copyright fee: GBP17.00$c2\0$e01-jan-2010$fGBP17.00$g0$hP$5Uk
=ACF  \\$aPrevious copyright fee: GBP16.00$c2\0$e01-jan-2009$fGBP16.00$g0$hP$5Uk
=ACF  \\$aPrevious copyright fee: GBP15.00$c2\0$e01-apr-2008$fGBP15.00$g0$hP$5Uk
=ACF  \\$aPrevious copyright fee: GBP16.00$c2\0$e01-jan-2007$fGBP16.00$g0$hP$5Uk
=ACF  \\$aPrevious copyright fee: GBP13.00$c2\0$e01-jan-2005$fGBP13.00$g0$hP$5Uk
=ACF  \\$aPrevious copyright fee: GBP21.00$c2\0$e01-jan-2011$fGBP21.00$g0$hP$5Uk
=ACF  \\$aPrevious copyright fee: GBP23.00$c2\0$e01-jan-2012$fGBP23.00$g0$hP$5Uk
=ACF  \\$aPrevious copyright fee: GBP23.50$c2\0$e01-jan-2013$fGBP23.50$g0$hP$5Uk
=ACF  \\$aPrevious copyright fee: GBP24.00$c2\0$e01-jan-2014$fGBP24.00$g0$hP$5Uk
=ACF  \\$aPrevious copyright fee: GBP25.00$c2\0$e01-jan-2015$fGBP25.00$g0$hP$5Uk
=ACF  \\$aPrevious copyright fee: GBP26.00$c2\0$e01-jan-2016$fGBP26.00$g0$hP$5Uk
=ACF  \\$aPrevious copyright fee: GBP28.00$c2\0$e01-jan-2017$fGBP28.00$g0$hP$5Uk
=ACF  \\$aPrevious copyright fee: GBP30.00$c2\0$e01-jan-2018$fGBP30.00$g0$hP$5Uk
=ACF  \\$aPrevious copyright fee: GBP32.00$c2\0$e01-jan-2019$fGBP32.00$g0$hP$5Uk
=ACF  \\$aPrevious copyright fee: GBP34.00$c2\0$e01-jan-2020$fGBP34.00$g0$hP$5Uk
=CAT  \\$a8871$b40$c20051213$lBLL01$h1654
=CAT  \\$aBATCH-UPD$b00$c20131119$lBLL01$h2000
=CAT  \\$aIPL-CLA$c20131231$lBLL01$h2358
=CAT  \\$aBATCH-UPD$b00$c20141124$lBLL01$h1803
=CAT  \\$aBLDSS-3PM$b00$c20141130$lBLL01$h1249
=CAT  \\$aIPL-CLA$c20141231$lBLL01$h1653
=CAT  \\$aBATCH-UPD$b00$c20151119$lBLL01$h1543
=CAT  \\$a8124$b40$c20151124$lBLL01$h0818
=CAT  \\$aIPL-CLA$c20151231$lBLL01$h1923
=CAT  \\$a14448$b40$c20160127$lBLL01$h1524
=CAT  \\$aBATCH-UPD$b40$c20160522$lBLL01$h2348
=CAT  \\$aBATCH-UPD$b40$c20161122$lBLL01$h1512
=CAT  \\$aIPL-CLA$c20161230$lBLL01$h2150
=CAT  \\$aBATCH-UPD$b00$c20171121$lBLL01$h1647
=CAT  \\$aW1711-1005$c20171206$lBLL01$h1818
=CAT  \\$aIPL-CLA$c20171231$lBLL01$h1650
=CAT  \\$aBATCH-UPD$b00$c20181217$lBLL01$h1638
=CAT  \\$aIPL-CLA$c20181231$lBLL01$h1543
=CAT  \\$aW1811-111$c20190203$lBLL01$h0956
=CAT  \\$aBATCH-UPD$b00$c20191122$lBLL01$h1900
=CAT  \\$aIPL-CLA$c20191231$lBLL01$h1937
=CAT  \\$aBATCH-UPD$b00$c20201118$lBLL01$h1334
=CAT  \\$aIPL-CLA$c20201231$lBLL01$h1529
=CAT  \\$aBATCH-UPD$b00$c20221121$lBLL01$h1347
=CAT  \\$aIPL-CLA$c20221231$lBLL01$h1447
=CAT  \\$a5410$b40$c20230301$lBLL01$h1302
=CFI  0\$aCurrent copyright fee: GBP37.00$c2\0$e01-jan-2023$fGBP37.00$g0$hP$5Uk
=CFI  2\$aPrevious copyright fee: GBP35.00$c2\0$e01-jan-2021$fGBP35.00$g0$hP$5Uk
=EST  \\$a1
=FFP  \\$aY$bBLDSS-3PM
=FIN  \\$aY$d20051213
=FMT  \\$a  SE
=LAS  \\$a5410$b40$c20230301$lBLL01$h1302
=MNI  \\$a1028-6632
=SID  \\$aZ39$bOCLC
=TCO  \\$aCLA$bCLA$c008
=TOC  \\$aETOC

