=LDR  04215cas a2201021 a 4500
=001  013359735
=003  Uk
=005  20211231154327.0
=006  m\\\\\\\\d\\\\\\\\
=007  cr\cnu||||||||
=008  050617d20052007enkqr\pso\\\\\0\\\a0eng\c
=010  \\$a2005264514
=016  7\$a101313401$2DNLM
=022  0\$a1744-9049$l1744-9049$2j
=035  \\$a(OCoLC)60663966$z(OCoLC)243590703
=040  \\$aSBH$cSBH$dSBH$dNLM$dHNK$dSERSO$dVRC$dOCLCQ$dCUS$dUk
=042  \\$aukblsr
=050  14$aRC731$b.R473
=060  10$aW1
=082  04$a616.2$223
=210  1\$aRespir. med. extra
=222  \0$aRespiratory medicine extra
=245  00$aRespiratory medicine extra$h[electronic resource].
=260  \\$aOxford :$bElsevier Science,$c2005-2007.
=310  \\$aQuarterly
=336  \\$atext$2rdacontent
=337  \\$acomputer$2rdamedia
=338  \\$aonline resource$2rdacarrier
=362  1\$aBegan with vol. 1, issue 1 (2005); ceased with v. 3, issue 4 (2007).
=538  \\$aMode of access: World Wide Web.
=540  \\$aCurrent copyright fee: GBP34.30$c5\1$5Uk
=588  \\$aTitle from available issues screen (ScienceDirect, viewed June 17, 2005).
=588  \\$aFinal issue consulted (viewed July 24, 2012).
=650  \0$aChest$xDiseases$vPeriodicals.
=650  \0$aRespiratory organs$xDiseases$vPeriodicals.
=650  12$aRespiratory Tract Diseases$vPeriodicals.
=772  0\$tRespiratory medicine (Online)$x1532-3064
=785  00$tRespiratory medicine CME$x1755-0017
=852  \\$aBritish Library$bDSC$j7777.661950$3Volume 1:Issue 1(2005)-Volume 3:Issue 4(2007)***See ESTAR for full holdings.
=856  \\$31850-9999$uhttp://www.elsevier.com/journals$xBLDSS
=856  40$uhttp://www.elsevier-international.com/journals/rmex/
=856  40$uhttp://www.sciencedirect.com/science/journal/17449049
=945  \\$aRespiratory medicine extra
=959  \\$fHeld but not currently received
=985  \\$aResponsibility for ISSN transferred to ISSN Netherlands
=ACF  \\$aPrevious Copyright Fee: GBP19.00$c5\5$e01-jan-2008$fGBP19.00$g0$hP$5Uk
=ACF  \\$aPrevious copyright fee: GBP18.00$c5\5$e13-dec-2005$fGBP18.00$g0$hP$5Uk
=ACF  \\$aPrevious copyright fee: GBP20.00$c5\1$e01-jan-2009$fGBP20.00$g0$hP$5Uk
=ACF  \\$aPrevious copyright fee: GBP21.00$c5\1$e01-jan-2012$fGBP21.00$g0$hP$5Uk
=ACF  \\$aPrevious copyright fee: GBP22.50$c5\1$e01-jan-2013$fGBP22.50$g0$hP$5Uk
=ACF  \\$aPrevious copyright fee: GBP23.40$c5\1$e01-jan-2018$fGBP23.40$g0$hP$5Uk
=CAT  \\$a7174$b40$c20051213$lBLL01$h1659
=CAT  \\$aBATCH-UPD$b40$c20071231$lBLL01$h2150
=CAT  \\$aBATCH$b00$c20071231$lBLL01$h2253
=CAT  \\$a7174$b40$c20080528$lBLL01$h1133
=CAT  \\$aBATCH-UPD$b40$c20081119$lBLL01$h1608
=CAT  \\$aBATCH-UPD$b40$c20081231$lBLL01$h2322
=CAT  \\$aBATCH-UPD$b40$c20090101$lBLL01$h0054
=CAT  \\$aBATCH$b00$c20090101$lBLL01$h0230
=CAT  \\$aWR10_164$c20101215$lBLL01$h1511
=CAT  \\$aWR11_155$c20111021$lBLL01$h1325
=CAT  \\$aWR11_155$c20111114$lBLL01$h1646
=CAT  \\$aBATCH-UPD$b00$c20111123$lBLL01$h1853
=CAT  \\$aIPL-CLA$c20111230$lBLL01$h2023
=CAT  \\$a8124$b40$c20120724$lBLL01$h1156
=CAT  \\$aBATCH-CLA$b00$c20121109$lBLL01$h1728
=CAT  \\$aBATCH-UPD$b00$c20121121$lBLL01$h1657
=CAT  \\$aIPL-CLA$c20121231$lBLL01$h1318
=CAT  \\$aIPL-CLA$c20130102$lBLL01$h1742
=CAT  \\$aBLDSS-3PM$b00$c20141222$lBLL01$h1715
=CAT  \\$aBATCH-UPD$b00$c20160605$lBLL01$h0005
=CAT  \\$aBATCH-UPD$b00$c20171121$lBLL01$h1745
=CAT  \\$aIPL-CLA$c20171231$lBLL01$h1650
=CAT  \\$aBATCH-UPD$b00$c20190521$lBLL01$h1437
=CAT  \\$aIPL-CLA$c20190630$lBLL01$h1535
=CAT  \\$aBATCH-UPD$b00$c20211119$lBLL01$h1554
=CAT  \\$aIPL-CLA$c20211231$lBLL01$h1543
=CFI  0\$aCurrent copyright fee: GBP34.30$c5\1$e01-jan-2022$fGBP34.30$g0$hP$5Uk
=CFI  2\$aPrevious copyright fee: GBP32.84$c5\1$e01-jul-2019$fGBP32.84$g0$hP$5Uk
=EST  \\$a1
=FFP  \\$aY$bBLDSS-3PM
=FIN  \\$aY$d20120724
=FMT  \\$a  SE
=LAS  \\$aIPL-CLA$b00$c20211231$lBLL01$h1543
=MNI  \\$a1744-9049
=SID  \\$aZ39$bOCLC
=TCO  \\$aCLA$bCLA$c008
=TOC  \\$aETOC

