=LDR  05454cas a2201153 a 4500
=001  013360821
=003  Uk
=005  20221231144708.0
=006  m\\\\\\\\d\\\\\\\\
=007  cr||||||||||||
=008  020713c19839999enkqr\pss\\\\\0\\\a0eng\d
=015  \\$aGBA606872$2bnb
=022  \\$a1477-2620
=037  \\$aISSN_07341512$bPortico$nTaylor & Francis
=040  \\$aF#A$cF#A$dOCLCQ$dTXU$dRBN$dOCLCQ$dUk
=041  0\$aeng$afre
=042  \\$aukblsr
=082  04$a306.4605$223
=130  0\$aHistory and technology (Online)
=210  0\$aHist. technol.$b(Online)
=222  \0$aHistory and technology$b(Online)
=245  10$aHistory and technology$h[electronic resource].
=260  \\$a[London] :$bGordon and Breach,$c[2002]-
=264  31$aAbingdon :$bRoutledge an imprint of Taylor and Francis, an Informa business
=310  \\$aQuarterly
=336  \\$atext$2rdacontent
=337  \\$acomputer$2rdamedia
=338  \\$aonline resource$2rdacarrier
=362  1\$aPrint began with vol. 1, no. 1 (Oct. 1983 issue).
=500  \\$aDescription based on: Vol. 18, no. 1 (2002); title from journal information screen (viewed July 3, 2002).
=530  \\$aAlso issued in print.
=538  \\$aMode of access: World Wide Web.
=540  \\$aCurrent copyright fee: GBP37.00$c2\0$5Uk
=546  \\$aText mainly in English, but also in French.
=588  \\$aLatest issue consulted: volume 31, issue 1 (2015) (Taylor & Francis Online, viewed January 4, 2016).
=650  \0$aTechnology$xHistory$vPeriodicals.
=650  \0$aTechnology$xSocial aspects$vPeriodicals.
=776  1\$tHistory and technology$x0734-1512
=852  41$aBritish Library$bHMNTS$jELD Digital store$3Volume 32:Isuse 1(2016)-***Previous issues available in print copy
=852  41$aBritish Library$bDSC$j4317.840000$3Volume 22:Issue 1(2006)-Volume 27:Issue 4(2011)***See ESTAR for full holdings.
=856  \\$31850-9999$uhttp://www.tandfonline.com/$xBLDSS
=856  40$uhttp://journalsonline.tandf.co.uk/app/home/journal.asp?wasp=49tlrkrgukdv076klqfw&referrer=parent&backto=searchpublicationsresults,1,1;homemain,1,1;
=856  40$uhttp://www.tandfonline.com/toc/ghat20/current
=859  \\$aELD$bejournal
=945  \\$aHISTORY AND TECHNOLOGY.
=959  \\$fHeld but not currently received
=985  \\$aISSN note: responsibility for ISSN transferred from ISSN UK Centre to U.S. ISSN Centre in accordance with multinational publisher agreement. 01.05.2014.
=ACF  \\$aPrevious copyright fee: GBP17.00$c2\0$e01-jan-2010$fGBP17.00$g0$hP$5Uk
=ACF  \\$aPrevious copyright fee: GBP16.00$c2\0$e01-jan-2009$fGBP16.00$g0$hP$5Uk
=ACF  \\$aPrevious copyright fee: GBP15.00$c2\0$e01-apr-2008$fGBP15.00$g0$hP$5Uk
=ACF  \\$aPrevious copyright fee: GBP16.00$c2\0$e01-jan-2007$fGBP16.00$g0$hP$5Uk
=ACF  \\$aPrevious copyright fee: GBP13.00$c2\0$e01-jan-2005$fGBP13.00$g0$hP$5Uk
=ACF  \\$aPrevious copyright fee: GBP21.00$c2\0$e01-jan-2011$fGBP21.00$g0$hP$5Uk
=ACF  \\$aPrevious copyright fee: GBP23.00$c2\0$e01-jan-2012$fGBP23.00$g0$hP$5Uk
=ACF  \\$aPrevious copyright fee: GBP23.50$c2\0$e01-jan-2013$fGBP23.50$g0$hP$5Uk
=ACF  \\$aPrevious copyright fee: GBP24.00$c2\0$e01-jan-2014$fGBP24.00$g0$hP$5Uk
=ACF  \\$aPrevious copyright fee: GBP25.00$c2\0$e01-jan-2015$fGBP25.00$g0$hP$5Uk
=ACF  \\$aPrevious copyright fee: GBP26.00$c2\0$e01-jan-2016$fGBP26.00$g0$hP$5Uk
=ACF  \\$aPrevious copyright fee: GBP28.00$c2\0$e01-jan-2017$fGBP28.00$g0$hP$5Uk
=ACF  \\$aPrevious copyright fee: GBP30.00$c2\0$e01-jan-2018$fGBP30.00$g0$hP$5Uk
=ACF  \\$aPrevious copyright fee: GBP32.00$c2\0$e01-jan-2019$fGBP32.00$g0$hP$5Uk
=ACF  \\$aPrevious copyright fee: GBP34.00$c2\0$e01-jan-2020$fGBP34.00$g0$hP$5Uk
=CAT  \\$a11439$b40$c20051213$lBLL01$h1801
=CAT  \\$a11315$b40$c20140501$lBLL01$h1146
=CAT  \\$a11315$b40$c20140501$lBLL01$h1318
=CAT  \\$aBATCH-UPD$b40$c20141124$lBLL01$h1803
=CAT  \\$aBLDSS-3PM$b00$c20141130$lBLL01$h1249
=CAT  \\$aIPL-CLA$c20141231$lBLL01$h1653
=CAT  \\$aBATCH-UPD$b00$c20151119$lBLL01$h1543
=CAT  \\$aIPL-CLA$c20151231$lBLL01$h1923
=CAT  \\$a5110$b40$c20160104$lBLL01$h1435
=CAT  \\$a8478$b40$c20160122$lBLL01$h1049
=CAT  \\$a11296$b40$c20160205$lBLL01$h1444
=CAT  \\$aWR16_048$c20160322$lBLL01$h1614
=CAT  \\$aBATCH-UPD$b00$c20160804$lBLL01$h0011
=CAT  \\$aBATCH-UPD$b00$c20161122$lBLL01$h1512
=CAT  \\$aIPL-CLA$c20161230$lBLL01$h2150
=CAT  \\$aBATCH-UPD$b00$c20171121$lBLL01$h1647
=CAT  \\$aW1711-1005$c20171206$lBLL01$h1818
=CAT  \\$aIPL-CLA$c20171231$lBLL01$h1650
=CAT  \\$aBATCH-UPD$b00$c20181217$lBLL01$h1638
=CAT  \\$aIPL-CLA$c20181231$lBLL01$h1543
=CAT  \\$aBATCH-UPD$b00$c20191122$lBLL01$h1900
=CAT  \\$aIPL-CLA$c20191231$lBLL01$h1937
=CAT  \\$aBATCH-UPD$b00$c20201118$lBLL01$h1334
=CAT  \\$aIPL-CLA$c20201231$lBLL01$h1529
=CAT  \\$aBATCH-UPD$b00$c20221121$lBLL01$h1347
=CAT  \\$aIPL-CLA$c20221231$lBLL01$h1447
=CFI  0\$aCurrent copyright fee: GBP37.00$c2\0$e01-jan-2023$fGBP37.00$g0$hP$5Uk
=CFI  2\$aPrevious copyright fee: GBP35.00$c2\0$e01-jan-2021$fGBP35.00$g0$hP$5Uk
=EST  \\$a1
=FFP  \\$aY$bBLDSS-3PM
=FIN  \\$aY$d20051213
=FMT  \\$a  SE
=LAS  \\$aIPL-CLA$b00$c20221231$lBLL01$h1447
=MNI  \\$a0734-1512
=SID  \\$aZ39$bOCLC
=TCO  \\$aCLA$bCLA$c008
=TOC  \\$aETOC

