=LDR  05178cas a2201153 a 4500
=001  013361499
=003  Uk
=005  20221231144709.0
=006  m\\\\\\\\d\\\\\\\\
=007  cr||||||||||||
=008  040826d20032006enkqx\pss\\\\\0\\\a0eng\d
=010  \\$a2004256051
=015  \\$aGBA606998$2bnb
=022  0\$a1755-4713$y1651-3037
=040  \\$aRBN$beng$cRBN$dOCL$dUk
=042  \\$aukblsr
=050  14$aRA645.5
=082  04$a362.1805$222
=130  0\$aInternational journal of disaster medicine (Online)
=222  \0$aInternational journal of disaster medicine$b(Online)
=245  10$aInternational journal of disaster medicine$h[electronic resource].
=260  \\$aLondon ;$bTaylor & Francis Group,$aNew York :$c2003-2006.
=260  3\$a[London] :$bInforma Healthcare
=310  \\$aFour no a year,$b2004-
=321  \\$aSemiannual,$b2003
=336  \\$atext$2rdacontent
=337  \\$acomputer$2rdamedia
=338  \\$aonline resource$2rdacarrier
=362  0\$aVol. 1, no. 1 (2003)-v. 4, issue 4 (2006).
=500  \\$aTitle from table of contents page (viewed Aug. 26, 2004).
=500  \\$aLatest issue consulted: Vol. 4, issue 3 (2006), viewed July 24, 2007.
=530  \\$aAlso issued in print.
=538  \\$aMode of access: World Wide Web.
=540  \\$aCurrent copyright fee: GBP37.00$c2\0$5Uk
=650  \0$aDisaster medicine$vPeriodicals.
=650  \0$aEmergency medical services$vPeriodicals.
=650  12$aDisaster Planning$vPeriodicals.
=650  22$aEmergency Medical Services$vPeriodicals.
=690  7\$aSocial Welfare$2blcoll
=776  1\$tInternational journal of disaster medicine$x1503-1438
=785  04$tEuropean journal of trauma and emergency surgery$c(Internet)$x1863-9941
=852  41$aBritish Library$bDSC$j4542.185470$3Volume 1:Issue 1(2003)-Volume 3:Issue 1(2005)***See ESTAR for full holdings.
=856  \\$31850-9999$uhttp://www.tandfonline.com/$xBLDSS
=856  40$uhttp://www.tandf.co.uk/journals/titles/15031438.asp
=945  \\$aInternational journal of disaster medicine
=959  \\$fHeld but not currently received
=985  \\$aISSN responsibility held by United States ISSN Centre - 25/1/10
=ACF  \\$aPrevious copyright fee: GBP17.00$c2\0$e01-jan-2010$fGBP17.00$g0$hP$5Uk
=ACF  \\$aPrevious copyright fee: GBP16.00$c2\0$e01-jan-2009$fGBP16.00$g0$hP$5Uk
=ACF  \\$aPrevious copyright fee: GBP15.00$c2\0$e01-apr-2008$fGBP15.00$g0$hP$5Uk
=ACF  \\$aPrevious copyright fee: GBP16.00$c2\0$e01-jan-2007$fGBP16.00$g0$hP$5Uk
=ACF  \\$aPrevious copyright fee: GBP13.00$c2\0$e01-jan-2005$fGBP13.00$g0$hP$5Uk
=ACF  \\$aPrevious copyright fee: GBP21.00$c2\0$e01-jan-2011$fGBP21.00$g0$hP$5Uk
=ACF  \\$aPrevious copyright fee: GBP23.00$c2\0$e01-jan-2012$fGBP23.00$g0$hP$5Uk
=ACF  \\$aPrevious copyright fee: GBP23.50$c2\0$e01-jan-2013$fGBP23.50$g0$hP$5Uk
=ACF  \\$aPrevious copyright fee: GBP24.00$c2\0$e01-jan-2014$fGBP24.00$g0$hP$5Uk
=ACF  \\$aPrevious copyright fee: GBP25.00$c2\0$e01-jan-2015$fGBP25.00$g0$hP$5Uk
=ACF  \\$aPrevious copyright fee: GBP26.00$c2\0$e01-jan-2016$fGBP26.00$g0$hP$5Uk
=ACF  \\$aPrevious copyright fee: GBP28.00$c2\0$e01-jan-2017$fGBP28.00$g0$hP$5Uk
=ACF  \\$aPrevious copyright fee: GBP30.00$c2\0$e01-jan-2018$fGBP30.00$g0$hP$5Uk
=ACF  \\$aPrevious copyright fee: GBP32.00$c2\0$e01-jan-2019$fGBP32.00$g0$hP$5Uk
=ACF  \\$aPrevious copyright fee: GBP34.00$c2\0$e01-jan-2020$fGBP34.00$g0$hP$5Uk
=CAT  \\$a8871$b40$c20051214$lBLL01$h1508
=CAT  \\$aBATCH-UPD$b00$c20121121$lBLL01$h1613
=CAT  \\$aIPL-CLA$c20121231$lBLL01$h1318
=CAT  \\$aIPL-CLA$c20130102$lBLL01$h1742
=CAT  \\$aWR13.005$c20130323$lBLL01$h1337
=CAT  \\$aBATCH-UPD$b00$c20131119$lBLL01$h2000
=CAT  \\$aIPL-CLA$c20131231$lBLL01$h2358
=CAT  \\$aWR14_140$c20140905$lBLL01$h1810
=CAT  \\$aBATCH-UPD$b00$c20141124$lBLL01$h1803
=CAT  \\$aBLDSS-3PM$b00$c20141130$lBLL01$h1249
=CAT  \\$aIPL-CLA$c20141231$lBLL01$h1653
=CAT  \\$aBATCH-UPD$b00$c20151119$lBLL01$h1543
=CAT  \\$aIPL-CLA$c20151231$lBLL01$h1923
=CAT  \\$aBATCH-UPD$b00$c20161122$lBLL01$h1512
=CAT  \\$aBATCH-UPD$b00$c20161122$lBLL01$h1615
=CAT  \\$aIPL-CLA$c20161230$lBLL01$h2150
=CAT  \\$aBATCH-UPD$b00$c20171121$lBLL01$h1647
=CAT  \\$aIPL-CLA$c20171231$lBLL01$h1650
=CAT  \\$aBATCH-UPD$b00$c20181217$lBLL01$h1638
=CAT  \\$aIPL-CLA$c20181231$lBLL01$h1543
=CAT  \\$aBATCH-UPD$b00$c20191122$lBLL01$h1900
=CAT  \\$aIPL-CLA$c20191231$lBLL01$h1937
=CAT  \\$aBATCH-UPD$b00$c20201118$lBLL01$h1334
=CAT  \\$aIPL-CLA$c20201231$lBLL01$h1529
=CAT  \\$aBATCH-UPD$b00$c20221121$lBLL01$h1347
=CAT  \\$aIPL-CLA$c20221231$lBLL01$h1447
=CFI  0\$aCurrent copyright fee: GBP37.00$c2\0$e01-jan-2023$fGBP37.00$g0$hP$5Uk
=CFI  2\$aPrevious copyright fee: GBP35.00$c2\0$e01-jan-2021$fGBP35.00$g0$hP$5Uk
=EST  \\$a1
=FFP  \\$aY$bBLDSS-3PM
=FIN  \\$aY$d20051214
=FMT  \\$a  SE
=LAS  \\$aIPL-CLA$b00$c20221231$lBLL01$h1447
=MNI  \\$a1503-1438
=SID  \\$aZ39$bOCLC
=TCO  \\$aCLA$bCLA$c008
=TOC  \\$aETOC

