=LDR  05444cas a2201153 a 4500
=001  013361710
=003  Uk
=005  20221231144710.0
=006  m\\\\\\\\d\\\\\\\\
=007  cr\|||||||||||
=008  040915c19729999enktr\pss\o\\\0\\\a0eng\d
=015  \\$aGBA607040$2bnb
=022  0\$a1743-9329
=037  \\$aISSN_03086534$bPortico$nTaylor & Francis
=040  \\$aFHM$cFHM$dOCLCQ$dOCL$dUk
=042  \\$aukblsr
=043  \\$ae-uk---$ab------
=082  04$a909.0971241$222
=130  0\$aJournal of imperial and commonwealth history (Online)
=222  \0$aJournal of imperial and commonwealth history$b(Online)
=245  14$aThe Journal of Imperial and Commonwealth history$h[electronic resource].
=260  \\$aLondon :$bF. Cass
=264  31$aAbingdon :$bRoutledge, Taylor & Francis Group
=310  \\$aThree no. a year
=336  \\$atext$2rdacontent
=337  \\$acomputer$2rdamedia
=338  \\$aonline resource$2rdacarrier
=362  1\$aPrint began with vol. 1, no. 1 (Oct. 1972).
=500  \\$aTitle from EBSCOhost electronic journals service"available issues" page (viewed Sept. 15, 2004).
=530  \\$aAlso issued in print.
=538  \\$aMode of access: World Wide Web.
=540  \\$aCurrent copyright fee: GBP37.00$c2\0$5Uk
=588  \\$aLatest issue consulted: volume 44, issue 2 (2016) (Taylor & Francis Online, viewed June 9, 2016).
=651  \0$aCommonwealth countries$xHistory$vPeriodicals.
=651  \0$aGreat Britain$xColonies$xHistory$vPeriodicals.
=655  \7$aElectronic journals.$2lcsh
=776  1\$tJournal of Imperial and Commonwealth history$x0308-6534
=852  41$aBritish Library$bHMNTS$jELD Digital store$3Volume 44:Issue 1(2016)-***Previous issues available in print copy
=852  41$aBritish Library$bDSC$j5005.050000$3Volume 34:Issue 1(2006)-Volume 39:Issue 5(2011)***See ESTAR for full holdings.
=856  \\$31850-9999$uhttp://www.tandfonline.com/$xBLDSS
=856  40$uhttp://www.tandfonline.com/toc/fich20/current
=856  4\$uhttp://www.ingenta.com/isis/browsing/AllIssues/ingenta;jsessionid=2bho7cvlcvo3t.circus?journal=pubinfobike://fcp/ich
=859  \\$aELD$bejournal
=945  \\$aJournal of imperial and Commonwealth history
=959  \\$fHeld but not currently received
=985  \\$aISSN responsibility taken by US ISSN Center (multinational publisher), September 19 2013.
=ACF  \\$aPrevious copyright fee: GBP17.00$c2\0$e01-jan-2010$fGBP17.00$g0$hP$5Uk
=ACF  \\$aPrevious copyright fee: GBP16.00$c2\0$e01-jan-2009$fGBP16.00$g0$hP$5Uk
=ACF  \\$aPrevious copyright fee: GBP15.00$c2\0$e01-apr-2008$fGBP15.00$g0$hP$5Uk
=ACF  \\$aPrevious copyright fee: GBP16.00$c2\0$e01-jan-2007$fGBP16.00$g0$hP$5Uk
=ACF  \\$aPrevious copyright fee: GBP13.00$c2\0$e01-jan-2005$fGBP13.00$g0$hP$5Uk
=ACF  \\$aPrevious copyright fee: GBP21.00$c2\0$e01-jan-2011$fGBP21.00$g0$hP$5Uk
=ACF  \\$aPrevious copyright fee: GBP23.00$c2\0$e01-jan-2012$fGBP23.00$g0$hP$5Uk
=ACF  \\$aPrevious copyright fee: GBP23.50$c2\0$e01-jan-2013$fGBP23.50$g0$hP$5Uk
=ACF  \\$aPrevious copyright fee: GBP24.00$c2\0$e01-jan-2014$fGBP24.00$g0$hP$5Uk
=ACF  \\$aPrevious copyright fee: GBP25.00$c2\0$e01-jan-2015$fGBP25.00$g0$hP$5Uk
=ACF  \\$aPrevious copyright fee: GBP26.00$c2\0$e01-jan-2016$fGBP26.00$g0$hP$5Uk
=ACF  \\$aPrevious copyright fee: GBP28.00$c2\0$e01-jan-2017$fGBP28.00$g0$hP$5Uk
=ACF  \\$aPrevious copyright fee: GBP30.00$c2\0$e01-jan-2018$fGBP30.00$g0$hP$5Uk
=ACF  \\$aPrevious copyright fee: GBP32.00$c2\0$e01-jan-2019$fGBP32.00$g0$hP$5Uk
=ACF  \\$aPrevious copyright fee: GBP34.00$c2\0$e01-jan-2020$fGBP34.00$g0$hP$5Uk
=CAT  \\$a6550$b40$c20051214$lBLL01$h1717
=CAT  \\$a11313$b40$c20130919$lBLL01$h0758
=CAT  \\$aBATCH-UPD$b40$c20131119$lBLL01$h2000
=CAT  \\$aIPL-CLA$c20131231$lBLL01$h2358
=CAT  \\$aWR14_140$c20140905$lBLL01$h1810
=CAT  \\$aBATCH-UPD$b00$c20141124$lBLL01$h1803
=CAT  \\$aBLDSS-3PM$b00$c20141130$lBLL01$h1249
=CAT  \\$aIPL-CLA$c20141231$lBLL01$h1653
=CAT  \\$aBATCH-UPD$b00$c20151119$lBLL01$h1543
=CAT  \\$aIPL-CLA$c20151231$lBLL01$h1923
=CAT  \\$a6790$b40$c20160121$lBLL01$h0837
=CAT  \\$aBATCH-UPD$b40$c20160522$lBLL01$h2348
=CAT  \\$a8483$b40$c20160609$lBLL01$h1201
=CAT  \\$aBATCH-UPD$b40$c20161122$lBLL01$h1512
=CAT  \\$aIPL-CLA$c20161230$lBLL01$h2150
=CAT  \\$aBATCH-UPD$b00$c20171121$lBLL01$h1647
=CAT  \\$aW1711-1005$c20171206$lBLL01$h1818
=CAT  \\$aIPL-CLA$c20171231$lBLL01$h1650
=CAT  \\$aBATCH-UPD$b00$c20181217$lBLL01$h1638
=CAT  \\$aIPL-CLA$c20181231$lBLL01$h1543
=CAT  \\$aBATCH-UPD$b00$c20191122$lBLL01$h1900
=CAT  \\$aIPL-CLA$c20191231$lBLL01$h1937
=CAT  \\$aBATCH-UPD$b00$c20201118$lBLL01$h1334
=CAT  \\$aIPL-CLA$c20201231$lBLL01$h1529
=CAT  \\$aBATCH-UPD$b00$c20221121$lBLL01$h1347
=CAT  \\$aIPL-CLA$c20221231$lBLL01$h1447
=CFI  0\$aCurrent copyright fee: GBP37.00$c2\0$e01-jan-2023$fGBP37.00$g0$hP$5Uk
=CFI  2\$aPrevious copyright fee: GBP35.00$c2\0$e01-jan-2021$fGBP35.00$g0$hP$5Uk
=EST  \\$a1
=FFP  \\$aY$bBLDSS-3PM
=FIN  \\$aY$d20051214
=FMT  \\$a  SE
=LAS  \\$aIPL-CLA$b00$c20221231$lBLL01$h1447
=LET  \0$aJournal of Imperial and Commonwealth history (Electronic)
=MNI  \\$a0308-6534
=SID  \\$aZ39$bOCLC
=TCO  \\$aCLA$bCLA$c008
=TOC  \\$aETOC

