=LDR  05260cas a2201177 a 4500
=001  013361942
=003  Uk
=005  20221231144710.0
=006  m\\\\\\\\d\\\\\\\\
=007  cr\|||||||||||
=008  040428c19959999enkbx\pss\o\\\0\\\a0eng\c
=010  \\$a2004699001
=015  \\$aGBA607076$2bnb
=022  \\$a1743-9434$y1359-7566
=037  \\$aISSN_13597566$bPortico$nTaylor & Francis
=040  \\$aCUS$cCUS$dOCLCQ$dTXA$dHUA$dUk
=050  \4$aJF195.R44$bR44
=082  04$a321.02$223
=130  0\$aRegional & federal studies (Online)
=222  \0$aRegional & federal studies$b(Online)
=245  10$aRegional & federal studies$h[electronic resource].
=246  3\$aRegional and federal studies
=260  \\$aLondon :$bF. Cass,$c[2001]-
=264  31$aAbingdon :$bTaylor & Francis
=310  \\$aFive times a year
=321  \\$aThree no. a year
=336  \\$atext$2rdacontent
=337  \\$acomputer$2rdamedia
=338  \\$aonline resource$2rdacarrier
=362  1\$aPrint began with v. 5, no. 1 (spring 1995).
=500  \\$aDescription based on print version record.
=530  \\$aAlso issued in print.
=538  \\$aMode of access: World Wide Web.
=540  \\$aCurrent copyright fee: GBP37.00$c2\0$5Uk
=588  \\$aLatest issue consulted: volume 24, issue 3 (2014) (Taylor & Francis Online, viewed September 9, 2014).
=650  \0$aRegionalism$vPeriodicals.
=650  \0$aRegional planning$vPeriodicals.
=650  \0$aFederal government$vPeriodicals.
=710  2\$aECPR Standing Group on Regionalism.
=776  1\$tRegional & federal studies$x1359-7566
=852  41$aBritish Library$bHMNTS$jELD Digital store$3Volume 26:Issue 1(2016)-
=852  41$aBritish Library$bDSC$j7336.571640$3Volume 16:Issue 1(2006)-Volume 21:Issue 4/5(2011)***See ESTAR for full holdings.
=856  \\$31850-9999$uhttp://www.tandfonline.com/$xBLDSS
=856  40$ahttp://www.tandfonline.com/toc/frfs20/current
=856  40$uhttp://www.ingenta.com/isis/browsing/AllIssues/ingenta;jsessionid=4pl8k30mu9c60.circus?journal=pubinfobike://fcp/rfs
=859  \\$aELD$bejournal
=945  \\$aREGIONAL AND FEDERAL STUDIES.
=959  \\$fHeld but not currently received
=985  \\$aISSN responsibility taken by US ISSN Center, 11.09.2014.
=ACF  \\$aPrevious copyright fee: GBP17.00$c2\0$e01-jan-2010$fGBP17.00$g0$hP$5Uk
=ACF  \\$aPrevious copyright fee: GBP16.00$c2\0$e01-jan-2009$fGBP16.00$g0$hP$5Uk
=ACF  \\$aPrevious copyright fee: GBP15.00$c2\0$e01-apr-2008$fGBP15.00$g0$hP$5Uk
=ACF  \\$aPrevious copyright fee: GBP16.00$c2\0$e01-jan-2007$fGBP16.00$g0$hP$5Uk
=ACF  \\$aPrevious copyright fee: GBP13.00$c2\0$e01-jan-2005$fGBP13.00$g0$hP$5Uk
=ACF  \\$aPrevious copyright fee: GBP21.00$c2\0$e01-jan-2011$fGBP21.00$g0$hP$5Uk
=ACF  \\$aPrevious copyright fee: GBP23.00$c2\0$e01-jan-2012$fGBP23.00$g0$hP$5Uk
=ACF  \\$aPrevious copyright fee: GBP23.50$c2\0$e01-jan-2013$fGBP23.50$g0$hP$5Uk
=ACF  \\$aPrevious copyright fee: GBP24.00$c2\0$e01-jan-2014$fGBP24.00$g0$hP$5Uk
=ACF  \\$aPrevious copyright fee: GBP25.00$c2\0$e01-jan-2015$fGBP25.00$g0$hP$5Uk
=ACF  \\$aPrevious copyright fee: GBP26.00$c2\0$e01-jan-2016$fGBP26.00$g0$hP$5Uk
=ACF  \\$aPrevious copyright fee: GBP28.00$c2\0$e01-jan-2017$fGBP28.00$g0$hP$5Uk
=ACF  \\$aPrevious copyright fee: GBP30.00$c2\0$e01-jan-2018$fGBP30.00$g0$hP$5Uk
=ACF  \\$aPrevious copyright fee: GBP32.00$c2\0$e01-jan-2019$fGBP32.00$g0$hP$5Uk
=ACF  \\$aPrevious copyright fee: GBP34.00$c2\0$e01-jan-2020$fGBP34.00$g0$hP$5Uk
=CAT  \\$a11281$b40$c20051215$lBLL01$h1043
=CAT  \\$aBLDSS-3PM$b00$c20141130$lBLL01$h1249
=CAT  \\$aIPL-CLA$c20141231$lBLL01$h1653
=CAT  \\$aBATCH-UPD$b00$c20151119$lBLL01$h1543
=CAT  \\$a11433$b40$c20151219$lBLL01$h1010
=CAT  \\$aIPL-CLA$c20151231$lBLL01$h1923
=CAT  \\$a14448$b40$c20160201$lBLL01$h0805
=CAT  \\$a10806$b40$c20160427$lBLL01$h1312
=CAT  \\$aBATCH-UPD$b40$c20160717$lBLL01$h2301
=CAT  \\$aBATCH-UPD$b40$c20161122$lBLL01$h1512
=CAT  \\$aIPL-CLA$c20161230$lBLL01$h2150
=CAT  \\$aBATCH-UPD$b00$c20171121$lBLL01$h1647
=CAT  \\$aW1711-1005$c20171206$lBLL01$h1818
=CAT  \\$aIPL-CLA$c20171231$lBLL01$h1650
=CAT  \\$aBATCH-UPD$b00$c20181217$lBLL01$h1638
=CAT  \\$aIPL-CLA$c20181231$lBLL01$h1543
=CAT  \\$aBATCH-UPD$b00$c20191122$lBLL01$h1900
=CAT  \\$aIPL-CLA$c20191231$lBLL01$h1937
=CAT  \\$a5410$b40$c20200316$lBLL01$h1148
=CAT  \\$aBATCH-UPD$b40$c20201118$lBLL01$h1334
=CAT  \\$aIPL-CLA$c20201231$lBLL01$h1529
=CAT  \\$a12654$b40$c20220315$lBLL01$h0725
=CAT  \\$a5410$b40$c20220420$lBLL01$h1422
=CAT  \\$a5410$b40$c20220420$lBLL01$h1423
=CAT  \\$aBATCH-UPD$b40$c20221121$lBLL01$h1347
=CAT  \\$aIPL-CLA$c20221231$lBLL01$h1447
=CFI  0\$aCurrent copyright fee: GBP37.00$c2\0$e01-jan-2023$fGBP37.00$g0$hP$5Uk
=CFI  2\$aPrevious copyright fee: GBP35.00$c2\0$e01-jan-2021$fGBP35.00$g0$hP$5Uk
=EST  \\$a1
=FFP  \\$aY$bBLDSS-3PM
=FIN  \\$aY$d20051215
=FMT  \\$a  SE
=LAS  \\$aIPL-CLA$b00$c20221231$lBLL01$h1447
=MNI  \\$a1359-7566
=SID  \\$aZ39$bOCLC
=TCO  \\$aCLA$bCLA$c008
=TOC  \\$aETOC

