=LDR  05676cas a2201237 a 4500
=001  013362724
=003  Uk
=005  20221231144712.0
=006  m\\\\\\\\d\\\\\\\\
=007  cr\|||||||||||
=008  040428c19909999enkbx\pss\\\\\0\\\a0eng\c
=010  \\$a2004699016
=015  \\$aGBA607206$2bnb
=022  0\$a1743-9558
=037  \\$aISSN_09592318$bPortico$nTaylor & Francis
=040  \\$aCUS$cCUS$dOCLCQ$dUk
=042  \\$aukblsr
=050  \4$aU240$b.S526
=082  04$a355.021805$222
=130  0\$aSmall wars & insurgencies (Online)
=222  \0$aSmall wars & insurgencies$b(Online)
=245  10$aSmall wars & insurgencies$h[electronic resource].
=246  30$aSmall wars and insurgencies
=260  \\$aLondon :$bF. Cass,$c[2001]-
=264  21$aAbingdon :$bTaylor & Francis
=264  31$a[Abingdon] :$bRoutledge, Taylor & Francis Group
=310  \\$aSix issues yearly,$b2014-
=321  \\$aFive issues yearly,$b2011-2013
=321  \\$aThree issues yearly,$b-2010
=336  \\$atext$2rdacontent
=337  \\$acomputer$2rdamedia
=338  \\$aonline resource$2rdacarrier
=362  1\$aPrint began with v. 1, no. 1 (Apr. 1990).
=530  \\$aAlso issued in print.
=538  \\$aMode of access: World Wide Web.
=540  \\$aCurrent copyright fee: GBP37.00$c2\0$5Uk
=588  \\$aDescription based on print version record.
=588  \\$aLatest issue consulted: volume 26, issue 5 (2015) (Taylor & Francis Online, viewed December 16, 2015).
=650  \0$aLow-intensity conflicts (Military science)$vPeriodicals.
=650  \0$aInsurgency$vPeriodicals.
=776  1\$tSmall wars & insurgencies$x0959-2318
=780  05$tLow intensity conflict and law enforcement$x1744-0556
=852  41$aBritish Library$bHMNTS$jELD Digital store$3Volume 27:Number 1(2016)-
=852  41$aBritish Library$bDSC$j8310.169100$3Volume 17:Issue 1(2006)-Volume 22:Issue 4(2011)***See ESTAR for full holdings.
=856  \\$31850-9999$uhttp://www.tandfonline.com/$xBLDSS
=856  4\$uhttp://www.ingenta.com/isis/browsing/AllIssues/ingenta;jsessionid=9hqd8baej912m.crescent?journal=pubinfobike://fcp/swi$zLink no longer valid
=856  40$uhttp://www.tandfonline.com/toc/fswi20/current
=859  \\$aELD$bejournal
=945  \\$aSmall wars and insurgencies
=959  \\$fHeld but not currently received
=979  \\$aBritish Library$bDSC$j8310.169100
=985  \\$aISSN responsibility taken by US ISSN Center (multinational publisher), September 19 2013.
=ACF  \\$aPrevious copyright fee: GBP17.00$c2\0$e01-jan-2010$fGBP17.00$g0$hP$5Uk
=ACF  \\$aPrevious copyright fee: GBP16.00$c2\0$e01-jan-2009$fGBP16.00$g0$hP$5Uk
=ACF  \\$aPrevious copyright fee: GBP15.00$c2\0$e01-apr-2008$fGBP15.00$g0$hP$5Uk
=ACF  \\$aPrevious copyright fee: GBP16.00$c2\0$e01-jan-2007$fGBP16.00$g0$hP$5Uk
=ACF  \\$aPrevious copyright fee: GBP13.00$c2\0$e01-jan-2005$fGBP13.00$g0$hP$5Uk
=ACF  \\$aPrevious copyright fee: GBP21.00$c2\0$e01-jan-2011$fGBP21.00$g0$hP$5Uk
=ACF  \\$aPrevious copyright fee: GBP23.00$c2\0$e01-jan-2012$fGBP23.00$g0$hP$5Uk
=ACF  \\$aPrevious copyright fee: GBP23.50$c2\0$e01-jan-2013$fGBP23.50$g0$hP$5Uk
=ACF  \\$aPrevious copyright fee: GBP24.00$c2\0$e01-jan-2014$fGBP24.00$g0$hP$5Uk
=ACF  \\$aPrevious copyright fee: GBP25.00$c2\0$e01-jan-2015$fGBP25.00$g0$hP$5Uk
=ACF  \\$aPrevious copyright fee: GBP26.00$c2\0$e01-jan-2016$fGBP26.00$g0$hP$5Uk
=ACF  \\$aPrevious copyright fee: GBP28.00$c2\0$e01-jan-2017$fGBP28.00$g0$hP$5Uk
=ACF  \\$aPrevious copyright fee: GBP30.00$c2\0$e01-jan-2018$fGBP30.00$g0$hP$5Uk
=ACF  \\$aPrevious copyright fee: GBP32.00$c2\0$e01-jan-2019$fGBP32.00$g0$hP$5Uk
=ACF  \\$aPrevious copyright fee: GBP34.00$c2\0$e01-jan-2020$fGBP34.00$g0$hP$5Uk
=CAT  \\$a3072$b40$c20051215$lBLL01$h1712
=CAT  \\$aBATCH-UPD$b00$c20141124$lBLL01$h1803
=CAT  \\$aBLDSS-3PM$b00$c20141130$lBLL01$h1249
=CAT  \\$aIPL-CLA$c20141231$lBLL01$h1653
=CAT  \\$aBATCH-UPD$b00$c20151119$lBLL01$h1543
=CAT  \\$a11316$b40$c20151216$lBLL01$h1211
=CAT  \\$a11316$b40$c20151216$lBLL01$h1214
=CAT  \\$a14412$b40$c20151216$lBLL01$h1229
=CAT  \\$aIPL-CLA$c20151231$lBLL01$h1923
=CAT  \\$a14448$b40$c20160130$lBLL01$h1111
=CAT  \\$aBATCH-UPD$b40$c20160717$lBLL01$h2301
=CAT  \\$aBATCH-UPD$b40$c20161122$lBLL01$h1512
=CAT  \\$aIPL-CLA$c20161230$lBLL01$h2150
=CAT  \\$aBATCH-UPD$b00$c20171121$lBLL01$h1647
=CAT  \\$aW1711-1005$c20171206$lBLL01$h1819
=CAT  \\$aIPL-CLA$c20171231$lBLL01$h1650
=CAT  \\$aBATCH-UPD$b00$c20181217$lBLL01$h1638
=CAT  \\$aIPL-CLA$c20181231$lBLL01$h1543
=CAT  \\$aBATCH-UPD$b00$c20191122$lBLL01$h1900
=CAT  \\$aIPL-CLA$c20191231$lBLL01$h1937
=CAT  \\$a5410$b40$c20200303$lBLL01$h0841
=CAT  \\$aBATCH-UPD$b40$c20201118$lBLL01$h1334
=CAT  \\$aIPL-CLA$c20201231$lBLL01$h1529
=CAT  \\$a5410$b40$c20221022$lBLL01$h1156
=CAT  \\$aBATCH-UPD$b40$c20221121$lBLL01$h1347
=CAT  \\$aIPL-CLA$c20221231$lBLL01$h1447
=CFI  0\$aCurrent copyright fee: GBP37.00$c2\0$e01-jan-2023$fGBP37.00$g0$hP$5Uk
=CFI  2\$aPrevious copyright fee: GBP35.00$c2\0$e01-jan-2021$fGBP35.00$g0$hP$5Uk
=EST  \\$a1
=FFP  \\$aY$bBLDSS-3PM
=FIN  \\$aY$d20051215
=FMT  \\$a  SE
=LAS  \\$aIPL-CLA$b00$c20221231$lBLL01$h1447
=LET  \0$aSmall wars & insurgencies (Electronic)
=LKR  \\$aPAR$b013357858$lBLL01$r78005$mSmall wars & insurgencies (Online)$nLow intensity conflict and law enforcement (Online)
=MNI  \\$a0959-2318
=SID  \\$aZ39$bOCLC
=TCO  \\$aCLA$bCLA$c008
=TOC  \\$aETOC

