=LDR  05322cas a2201201 a 4500
=001  013363495
=003  Uk
=005  20230930080841.0
=006  m\\\\\\\\d\\\\\\\\
=007  cr\|||||||||||
=008  000928c19979999enktr\p\o\o\\\0\\\a0eng\d
=010  \\$a2004263230
=015  \\$aGBA607313$2bnb
=022  0\$a1470-1235
=037  \\$aISSN_13562576$bPortico$nTaylor & Francis
=040  \\$aF#A$beng$cF#A$dOCLCQ$dTXA$dUk
=042  \\$aukblsr
=050  14$aJC319$b.S63
=082  04$a320.1205$222
=130  0\$aSpace & polity (Online)
=222  \0$aSpace & polity$b(Online)
=245  10$aSpace & polity$h[electronic resource].
=246  3\$aSpace and polity
=260  \\$aLondon :$bRoutledge,$c2000-
=310  \\$aThree issues yearly,$b2001-
=321  \\$aTwo issues yearly,$b1997-2000
=336  \\$atext$2rdacontent
=337  \\$acomputer$2rdamedia
=338  \\$aonline resource$2rdacarrier
=362  1\$aPrint began with: Vol. 1, no. 1 (May 1997).
=530  \\$aAlso issued in print.
=538  \\$aMode of access: World Wide Web.
=540  \\$aCurrent copyright fee: GBP37.00$c2\0$5Uk
=588  \\$aDescription based on: Vol. 4, no. 1 (May 2000); title from issue table of contents (MetaPress, viewed Nov. 10, 2004).
=588  \\$aLatest issue consulted: volume 19, issue 3 (2015) (Taylor & Francis Online, viewed February 5, 2016).
=650  \0$aPolitical geography$vPeriodicals.
=650  \0$aRegionalism$vPeriodicals.
=650  \0$aDecentralization in government$vPeriodicals.
=650  \0$aNationalism$vPeriodicals.
=776  0\$tSpace & polity$x1356-2576
=852  41$aBritish Library$bHMNTS$jELD Digital store$3Volume 20:Issue 1(2016)-
=852  41$aBritish Library$bDSC$j8361.577600$3Volume 10:Issue 1(2006)-Volume 15:Issue 3(2011)***See ESTAR for full holdings.
=856  \\$31850-9999$uhttp://www.tandfonline.com/$xBLDSS
=856  4\$uhttp://www.tandf.co.uk/journals/titles/13562576.asp
=859  \\$aELD$bejournal
=945  \\$aSpace and polity
=959  \\$fHeld but not currently received
=979  \\$aBritish Library$bDSC$j8361.577600
=985  \\$aISSN responsibility taken by United States ISSN Center, February 25 2015.
=ACF  \\$aPrevious copyright fee: GBP17.00$c1\0$e01-jan-2010$fGBP17.00$g0$hP$5Uk
=ACF  \\$aPrevious copyright fee: GBP16.00$c1\0$e01-jan-2009$fGBP16.00$g0$hP$5Uk
=ACF  \\$aPrevious copyright fee: GBP15.00$c1\0$e01-apr-2008$fGBP15.00$g0$hP$5Uk
=ACF  \\$aPrevious copyright fee: GBP16.00$c1\0$e01-jan-2007$fGBP16.00$g0$hP$5Uk
=ACF  \\$aPrevious copyright fee: GBP13.00$c1\0$e01-jan-2005$fGBP13.00$g0$hP$5Uk
=ACF  \\$aPrevious copyright fee: GBP21.00$c1\0$e01-jan-2011$fGBP21.00$g0$hP$5Uk
=ACF  \\$aPrevious copyright fee: GBP23.00$c1\0$e01-jan-2012$fGBP23.00$g0$hP$5Uk
=ACF  \\$aPrevious copyright fee: GBP23.50$c1\0$e01-jan-2013$fGBP23.50$g0$hP$5Uk
=ACF  \\$aPrevious copyright fee: GBP24.00$c1\0$e01-jan-2014$fGBP24.00$g0$hP$5Uk
=ACF  \\$aPrevious copyright fee: GBP25.00$c1\0$e01-jan-2015$fGBP25.00$g0$hP$5Uk
=ACF  \\$aPrevious copyright fee: GBP26.00$c1\0$e01-jan-2016$fGBP26.00$g0$hP$5Uk
=ACF  \\$aPrevious copyright fee: GBP28.00$c1\0$e01-jan-2017$fGBP28.00$g0$hP$5Uk
=ACF  \\$aPrevious copyright fee: GBP30.00$c1\0$e01-jan-2018$fGBP30.00$g0$hP$5Uk
=ACF  \\$aPrevious copyright fee: GBP32.00$c1\0$e01-jan-2019$fGBP32.00$g0$hP$5Uk
=ACF  \\$aPrevious copyright fee: GBP34.00$c1\0$e01-jan-2020$fGBP34.00$g0$hP$5Uk
=ACF  \\$aPrevious copyright fee: GBP35.00$c1\0$e01-jan-2021$fGBP35.00$g0$hP$5Uk
=CAT  \\$a3072$b40$c20051216$lBLL01$h1559
=CAT  \\$a11313$b40$c20150225$lBLL01$h0752
=CAT  \\$aBATCH-UPD$b40$c20151119$lBLL01$h1521
=CAT  \\$a14448$b40$c20151214$lBLL01$h1350
=CAT  \\$aIPL-CLA$c20151231$lBLL01$h1923
=CAT  \\$a14448$b40$c20160130$lBLL01$h1033
=CAT  \\$a11316$b40$c20160205$lBLL01$h1116
=CAT  \\$a11316$b40$c20160205$lBLL01$h1117
=CAT  \\$aBATCH-UPD$b40$c20160726$lBLL01$h0609
=CAT  \\$aBATCH-UPD$b40$c20161122$lBLL01$h1443
=CAT  \\$aIPL-CLA$c20161230$lBLL01$h2150
=CAT  \\$aBATCH-UPD$b00$c20171121$lBLL01$h1623
=CAT  \\$aW1711-1005$c20171206$lBLL01$h1819
=CAT  \\$aIPL-CLA$c20171231$lBLL01$h1650
=CAT  \\$aBATCH-UPD$b00$c20181217$lBLL01$h1629
=CAT  \\$aIPL-CLA$c20181231$lBLL01$h1543
=CAT  \\$aBATCH-UPD$b00$c20191122$lBLL01$h1842
=CAT  \\$aIPL-CLA$c20191231$lBLL01$h1937
=CAT  \\$a5410$b40$c20200224$lBLL01$h1609
=CAT  \\$aBATCH-UPD$b40$c20201118$lBLL01$h1324
=CAT  \\$aIPL-CLA$c20201231$lBLL01$h1529
=CAT  \\$a5410$b40$c20221022$lBLL01$h1212
=CAT  \\$aBATCH-UPD$b40$c20221121$lBLL01$h1319
=CAT  \\$aIPL-CLA$c20221231$lBLL01$h1447
=CAT  \\$aR2308-1440$c20230824$lBLL01$h0928
=CAT  \\$aIPL-CLA$c20230930$lBLL01$h0808
=CFI  0\$aCurrent copyright fee: GBP37.00$c2\0$e01-oct-2023$fGBP37.00$g0$hP$5Uk
=CFI  2\$aPrevious copyright fee: GBP37.00$c1\0$e01-jan-2023$fGBP37.00$g0$hP$5Uk
=EST  \\$a1
=FFP  \\$aY$bBLDSS-3PM
=FIN  \\$aY$d20051216
=FMT  \\$a  SE
=LAS  \\$aIPL-CLA$b00$c20230930$lBLL01$h0808
=LET  \0$aSpace and polity (Electronic)
=MNI  \\$a1356-2576
=SID  \\$aZ39$bOCLC
=TCO  \\$aCLA$bCLA$c008
=TOC  \\$aETOC

