=LDR  05678cas a2201225 i 4500
=001  013363536
=003  Uk
=005  20221231144713.0
=006  m\\\\\\\\d\\\\\\\\
=007  cr\|||||||||||
=008  971015c19909999enksx\pss\\\\\0\\\a0eng\d
=010  \\$a00238806
=015  \\$aGBA607324$2bnb
=022  0\$a1466-4399
=037  \\$aISSN_09585192$bPortico$nTaylor & Francis
=040  \\$aF#A$cF#A$dOCL$dIUL$dOCLCQ$dOCL$dUk
=042  \\$aukblsr
=050  14$aHF5549.A2$bI58
=082  04$a658.3$222
=130  0\$aInternational journal of human resource management (Online)
=210  0\$aInt. j. hum. resour. manag.$b(Online)
=222  \0$aInternational journal of human resource management$b(Online)
=245  10$aInternational journal of human resource management$h[electronic resource].
=260  \\$a[London] :$bRoutledge,$c[1999]-
=310  \\$aTwenty two issues a year,$b2013-
=321  \\$aFrequency varies,$b2010-2012
=321  \\$aMonthly,$b-2009
=321  \\$aBimonthly
=336  \\$atext$2rdacontent
=337  \\$acomputer$2rdamedia
=338  \\$aonline resource$2rdacarrier
=362  1\$aPrint began with vol. 1, no. 1 (June 1990).
=500  \\$aDescription based on: Vol. 8, no. 3 (June 1997); title from contents screen (viewed Sept. 21, 2000).
=500  \\$aLatest issue consulted: Volume 26, issue 22 (2015) (Taylor & Francis Online, viewed December 3, 2015).
=530  \\$aAlso issued in print.
=530  \\$aAlso searchable via the CatchWord Ltd. website.
=538  \\$aMode of access: World Wide Web.
=540  \\$aCurrent copyright fee: GBP37.00$c2\0$5Uk
=556  8\$aUser's guide and service guide available online via World Wide Web.
=650  \0$aPersonnel management$vPeriodicals.
=650  \0$aHuman capital$xManagement$vPeriodicals.
=690  7\$aManagement and Business Studies$2blcoll
=776  1\$tInternational journal of human resource management$x0958-5192
=852  41$aBritish Library$bHMNTS$jELD Digital store$3Volume 27:Issue 1(2016)-***Transferred from print***Previous issues available in print copy
=852  41$aBritish Library$bDSC$j4542.288500$3Volume 17:Issue 1(2006)-Volume 22:Issue 18(2011)***See ESTAR for full holdings.
=856  \\$31850-9999$uhttp://www.tandfonline.com/$xBLDSS
=856  40$uhttp://www.tandfonline.com/toc/rijh20/current
=859  \\$aELD$bejournal
=945  \\$aINTERNATIONAL JOURNAL OF HUMAN RESOURCE MANAGEMENT.
=959  \\$fHeld but not currently received
=985  \\$aISSN UK Centre: Responsibility for ISSN transferred to US ISSN Centre from ISSN UK Centre 15.2.12.
=ACF  \\$aPrevious copyright fee: GBP17.00$c2\0$e01-jan-2010$fGBP17.00$g0$hP$5Uk
=ACF  \\$aPrevious copyright fee: GBP16.00$c2\0$e01-jan-2009$fGBP16.00$g0$hP$5Uk
=ACF  \\$aPrevious copyright fee: GBP15.00$c2\0$e01-apr-2008$fGBP15.00$g0$hP$5Uk
=ACF  \\$aPrevious copyright fee: GBP16.00$c2\0$e01-jan-2007$fGBP16.00$g0$hP$5Uk
=ACF  \\$aPrevious copyright fee: GBP13.00$c2\0$e01-jan-2005$fGBP13.00$g0$hP$5Uk
=ACF  \\$aPrevious copyright fee: GBP21.00$c2\0$e01-jan-2011$fGBP21.00$g0$hP$5Uk
=ACF  \\$aPrevious copyright fee: GBP23.00$c2\0$e01-jan-2012$fGBP23.00$g0$hP$5Uk
=ACF  \\$aPrevious copyright fee: GBP23.50$c2\0$e01-jan-2013$fGBP23.50$g0$hP$5Uk
=ACF  \\$aPrevious copyright fee: GBP24.00$c2\0$e01-jan-2014$fGBP24.00$g0$hP$5Uk
=ACF  \\$aPrevious copyright fee: GBP25.00$c2\0$e01-jan-2015$fGBP25.00$g0$hP$5Uk
=ACF  \\$aPrevious copyright fee: GBP26.00$c2\0$e01-jan-2016$fGBP26.00$g0$hP$5Uk
=ACF  \\$aPrevious copyright fee: GBP28.00$c2\0$e01-jan-2017$fGBP28.00$g0$hP$5Uk
=ACF  \\$aPrevious copyright fee: GBP30.00$c2\0$e01-jan-2018$fGBP30.00$g0$hP$5Uk
=ACF  \\$aPrevious copyright fee: GBP32.00$c2\0$e01-jan-2019$fGBP32.00$g0$hP$5Uk
=ACF  \\$aPrevious copyright fee: GBP34.00$c2\0$e01-jan-2020$fGBP34.00$g0$hP$5Uk
=CAT  \\$a8871$b40$c20051216$lBLL01$h1640
=CAT  \\$aWR13.005$c20130323$lBLL01$h1337
=CAT  \\$aBATCH-UPD$b00$c20131119$lBLL01$h2000
=CAT  \\$aIPL-CLA$c20131231$lBLL01$h2358
=CAT  \\$aWR14_140$c20140905$lBLL01$h1810
=CAT  \\$aBATCH-UPD$b00$c20141124$lBLL01$h1803
=CAT  \\$aBLDSS-3PM$b00$c20141130$lBLL01$h1249
=CAT  \\$aIPL-CLA$c20141231$lBLL01$h1653
=CAT  \\$aBATCH-UPD$b00$c20151119$lBLL01$h1543
=CAT  \\$a8124$b40$c20151203$lBLL01$h0753
=CAT  \\$aIPL-CLA$c20151231$lBLL01$h1923
=CAT  \\$a14448$b40$c20160126$lBLL01$h1639
=CAT  \\$aBATCH-UPD$b40$c20160703$lBLL01$h2342
=CAT  \\$aBATCH-UPD$b40$c20161122$lBLL01$h1512
=CAT  \\$aIPL-CLA$c20161230$lBLL01$h2150
=CAT  \\$aBATCH-UPD$b00$c20171121$lBLL01$h1647
=CAT  \\$aW1711-1005$c20171206$lBLL01$h1819
=CAT  \\$aIPL-CLA$c20171231$lBLL01$h1650
=CAT  \\$aBATCH-UPD$b00$c20181217$lBLL01$h1638
=CAT  \\$aIPL-CLA$c20181231$lBLL01$h1543
=CAT  \\$aBATCH-UPD$b00$c20191122$lBLL01$h1900
=CAT  \\$aIPL-CLA$c20191231$lBLL01$h1937
=CAT  \\$aBATCH-UPD$b00$c20201118$lBLL01$h1334
=CAT  \\$aIPL-CLA$c20201231$lBLL01$h1529
=CAT  \\$aBATCH-UPD$b00$c20221121$lBLL01$h1347
=CAT  \\$aIPL-CLA$c20221231$lBLL01$h1447
=CFI  0\$aCurrent copyright fee: GBP37.00$c2\0$e01-jan-2023$fGBP37.00$g0$hP$5Uk
=CFI  2\$aPrevious copyright fee: GBP35.00$c2\0$e01-jan-2021$fGBP35.00$g0$hP$5Uk
=EST  \\$a1
=FFP  \\$aY$bBLDSS-3PM
=FIN  \\$aY$d20051216
=FMT  \\$a  SE
=LAS  \\$aIPL-CLA$b00$c20221231$lBLL01$h1447
=LEO  \\$aMP22.0000061013
=MNI  \\$a0958-5192
=SID  \\$aZ39$bOCLC
=SRC  \\$aISN01$bbibmp22.200404.2.aa
=TCO  \\$aCLA$bCLA$c008
=TOC  \\$aETOC

