=LDR  05273cas a2201177 a 4500
=001  013363915
=003  Uk
=005  20230930080845.0
=006  m\\\\\\\\d\\\\\\\\
=007  cr\mnu||||||||
=008  010713c20019999enkbr\pso\\\\\0\\\a0eng\d
=010  \\$a2004263289
=015  \\$aGBA607416$2bnb
=022  \\$a1472-0825
=037  \\$aISSN_14681811$bPortico$nTaylor & Francis
=040  \\$aF#A$beng$cF#A$dOCLCQ$dF#A$dOCLCQ$dOCL$dTXA$dOCLCS$dUk
=042  \\$aukblsr
=050  14$aHQ56$b.S3755
=082  04$a613.9071$222
=130  0\$aSex education (Online)
=222  \0$aSex education$b(Online)
=245  10$aSex education$h[electronic resource].
=260  \\$a[Abingdon, Oxfordshire] :$bCarfax International Publishers,$cc2001-
=264  31$a[Abingdon] :$bTaylor & Francis
=310  \\$aBimonthly
=321  \\$aThree nos. a year
=336  \\$atext$2rdacontent
=337  \\$acomputer$2rdamedia
=338  \\$aonline resource$2rdacarrier
=362  0\$aVol. 1, no. 1 (Apr. 2001)-
=500  \\$aTitle from issue table of contents (MetaPress, viewed Nov. 29, 2004).
=530  \\$aAlso issued in print.
=538  \\$aMode of access: World Wide Web.
=540  \\$aCurrent copyright fee: GBP37.00$c2\0$5Uk
=588  \\$aLatest issue consulted: volume 14, issue 5 (2014) (Taylor & Francis Online, viewed August 21, 2014).
=650  \0$aSex instruction$vPeriodicals.
=650  \0$aSex (Psychology)$vPeriodicals.
=776  1\$tSex education$x1468-1811
=852  41$aBritish Library$bHMNTS$jELD Digital store$3Volume 16:Issue 1(2016)-
=852  41$aBritish Library$bDSC$j8254.456100$3Volume 6:Issue 1(2006)-Volume 11:Issue 4(2011)***See ESTAR for full holdings.
=856  \\$31850-9999$uhttp://www.tandfonline.com/$xBLDSS
=856  40$uhttp://www.tandfonline.com/toc/csed20/currenthttp://www.tandfonline.com/toc/csed20/current
=859  \\$aELD$bejournal
=945  \\$aSex education
=959  \\$fHeld but not currently received
=985  \\$aISSN note: responsibility for ISSN transferred from ISSN UK to US ISSN Center under multinational publisher agreement, August 22, 2014.
=ACF  \\$aPrevious copyright fee: GBP17.00$c1\0$e01-jan-2010$fGBP17.00$g0$hP$5Uk
=ACF  \\$aPrevious copyright fee: GBP16.00$c1\0$e01-jan-2009$fGBP16.00$g0$hP$5Uk
=ACF  \\$aPrevious copyright fee: GBP15.00$c1\0$e01-apr-2008$fGBP15.00$g0$hP$5Uk
=ACF  \\$aPrevious copyright fee: GBP16.00$c1\0$e01-jan-2007$fGBP16.00$g0$hP$5Uk
=ACF  \\$aPrevious copyright fee: GBP13.00$c1\0$e01-jan-2005$fGBP13.00$g0$hP$5Uk
=ACF  \\$aPrevious copyright fee: GBP21.00$c1\0$e01-jan-2011$fGBP21.00$g0$hP$5Uk
=ACF  \\$aPrevious copyright fee: GBP23.00$c1\0$e01-jan-2012$fGBP23.00$g0$hP$5Uk
=ACF  \\$aPrevious copyright fee: GBP23.50$c1\0$e01-jan-2013$fGBP23.50$g0$hP$5Uk
=ACF  \\$aPrevious copyright fee: GBP24.00$c1\0$e01-jan-2014$fGBP24.00$g0$hP$5Uk
=ACF  \\$aPrevious copyright fee: GBP25.00$c1\0$e01-jan-2015$fGBP25.00$g0$hP$5Uk
=ACF  \\$aPrevious copyright fee: GBP26.00$c1\0$e01-jan-2016$fGBP26.00$g0$hP$5Uk
=ACF  \\$aPrevious copyright fee: GBP28.00$c1\0$e01-jan-2017$fGBP28.00$g0$hP$5Uk
=ACF  \\$aPrevious copyright fee: GBP30.00$c1\0$e01-jan-2018$fGBP30.00$g0$hP$5Uk
=ACF  \\$aPrevious copyright fee: GBP32.00$c1\0$e01-jan-2019$fGBP32.00$g0$hP$5Uk
=ACF  \\$aPrevious copyright fee: GBP34.00$c1\0$e01-jan-2020$fGBP34.00$g0$hP$5Uk
=ACF  \\$aPrevious copyright fee: GBP35.00$c1\0$e01-jan-2021$fGBP35.00$g0$hP$5Uk
=CAT  \\$a8141$b40$c20051219$lBLL01$h1154
=CAT  \\$aIPL-CLA$c20141231$lBLL01$h1653
=CAT  \\$aBATCH-UPD$b00$c20151119$lBLL01$h1521
=CAT  \\$a14448$b40$c20151214$lBLL01$h1610
=CAT  \\$a11316$b40$c20151215$lBLL01$h1454
=CAT  \\$aIPL-CLA$c20151231$lBLL01$h1923
=CAT  \\$a14448$b40$c20160130$lBLL01$h1118
=CAT  \\$aBATCH-UPD$b40$c20160525$lBLL01$h1831
=CAT  \\$aBATCH-UPD$b40$c20161122$lBLL01$h1443
=CAT  \\$aIPL-CLA$c20161230$lBLL01$h2150
=CAT  \\$aBATCH-UPD$b00$c20171121$lBLL01$h1623
=CAT  \\$aW1711-1005$c20171206$lBLL01$h1819
=CAT  \\$aIPL-CLA$c20171231$lBLL01$h1650
=CAT  \\$aBATCH-UPD$b00$c20181217$lBLL01$h1629
=CAT  \\$aIPL-CLA$c20181231$lBLL01$h1543
=CAT  \\$aBATCH-UPD$b00$c20191122$lBLL01$h1842
=CAT  \\$aIPL-CLA$c20191231$lBLL01$h1937
=CAT  \\$a5410$b40$c20200303$lBLL01$h1102
=CAT  \\$aBATCH-UPD$b40$c20201118$lBLL01$h1324
=CAT  \\$aIPL-CLA$c20201231$lBLL01$h1529
=CAT  \\$a12654$b40$c20220104$lBLL01$h0732
=CAT  \\$a5410$b40$c20220127$lBLL01$h0847
=CAT  \\$aBATCH-UPD$b40$c20221121$lBLL01$h1319
=CAT  \\$aIPL-CLA$c20221231$lBLL01$h1447
=CAT  \\$aR2308-1440$c20230824$lBLL01$h0928
=CAT  \\$aIPL-CLA$c20230930$lBLL01$h0808
=CFI  0\$aCurrent copyright fee: GBP37.00$c2\0$e01-oct-2023$fGBP37.00$g0$hP$5Uk
=CFI  2\$aPrevious copyright fee: GBP37.00$c1\0$e01-jan-2023$fGBP37.00$g0$hP$5Uk
=EST  \\$a1
=FFP  \\$aY$bBLDSS-3PM
=FIN  \\$aY$d20051219
=FMT  \\$a  SE
=LAS  \\$aIPL-CLA$b00$c20230930$lBLL01$h0808
=LEO  \\$aMP22.0000065335
=MNI  \\$a1468-1811
=SID  \\$aZ39$bOCLC
=SRC  \\$aISN01$bbibmp22.200404.2.aa
=TCO  \\$aCLA$bCLA$c008
=TOC  \\$aETOC

