=LDR  05391cas a2201201 a 4500
=001  013363959
=003  Uk
=005  20230307005353.0
=006  m\\\\\\\\d\\\\\\\\
=007  cr|cnu||||||||
=008  050330c20049999enkbx\\ss\\\\\0\\\a0eng\d
=015  \\$aGBA607421$2bnb
=022  0\$a1744-9006
=037  \\$aISSN_1573062X$bPortico$nTaylor & Francis
=040  \\$aRBN$cRBN$dOCL$dUk
=042  \\$aukblsr
=050  14$aTD345
=082  04$a628.1$222
=130  0\$aUrban water journal (Online)
=222  \0$aUrban water journal$b(Online)
=245  10$aUrban water journal$h[electronic resource].
=260  \\$aLondon ;$aNew York :$bTaylor & Francis,$c[2004-]
=310  \\$aEight times a year,$b2014-
=321  \\$aBimonthly,$b2009-2013
=321  \\$aQuarterly,$b-2008
=336  \\$atext$2rdacontent
=337  \\$acomputer$2rdamedia
=338  \\$aonline resource$2rdacarrier
=362  0\$aVol. 1, no. 1 (Mar. 2004)-
=500  \\$aTitle from table of contents page (Taylor & Francis, viewed Mar. 30, 2005).
=500  \\$aLatest issue consulted: Volume 13, issue 4 (2016) (Taylor & Francis Online, viewed March 02, 2016).
=530  \\$aAlso issued in print.
=538  \\$aMode of access: World Wide Web.
=540  \\$aCurrent copyright fee: GBP43.00$c2\0$5Uk
=650  \0$aMunicipal water supply$xManagement$vPeriodicals.
=650  \0$aWater-supply$xPlanning$vPeriodicals.
=776  1\$tUrban water journal$x1573-062X
=780  00$tUrban water (Online)
=852  41$aBritish Library$bHMNTS$jELD Digital store$3Volume 13:Issue 1(2016)-
=852  41$aBritish Library$bDSC$j9123.753500$3Volume 3:Issue 1(2006)-Volume 14:Issue 10(2017)***See ESTAR for full holdings.
=856  \\$31850-9999$uhttp://www.tandfonline.com/$xBLDSS
=856  40$uhttp://www.tandf.co.uk/journals/titles/1573062x.asp
=856  40$uhttp://www.tandfonline.com/toc/nurw20/current
=859  \\$aELD$bejournal
=945  \\$aUrban water journal -Amsterdam then London-
=959  \\$fHeld but not currently received
=979  \\$aBritish Library$bDSC$j9123.753500
=985  \\$aISSN responsibility taken by US ISSN Center (multinational publisher), 11.09.2013.
=ACF  \\$aPrevious copyright fee: GBP21.00$c2\0$e01-jan-2011$fGBP21.00$g0$hP$5Uk
=ACF  \\$aPrevious copyright fee: GBP17.00$c2\0$e01-jan-2010$fGBP17.00$g0$hP$5Uk
=ACF  \\$aPrevious copyright fee: GBP16.00$c2\0$e01-jan-2009$fGBP16.00$g0$hP$5Uk
=ACF  \\$aPrevious copyright fee: GBP15.00$c2\0$e01-apr-2008$fGBP15.00$g0$hP$5Uk
=ACF  \\$aPrevious Copyright Fee: GBP16.00$c2\0$e01-jan-2007$fGBP16.00$g0$hP$5Uk
=ACF  \\$aPrevious Copyright Fee: GBP13.00$c2\0$e24-feb-2005$fGBP13.00$g0$hP$5Uk
=ACF  \\$aPrevious copyright fee: GBP23.00$c2\0$e01-jan-2012$fGBP23.00$g0$hP$5Uk
=ACF  \\$aPrevious copyright fee: GBP27.00$c2\0$e09-nov-2012$fGBP27.00$g0$hP$5Uk
=ACF  \\$aPrevious copyright fee: GBP27.50$c2\0$e01-jan-2013$fGBP27.50$g0$hP$5Uk
=ACF  \\$aPrevious copyright fee: GBP28.00$c2\0$e01-jan-2014$fGBP28.00$g0$hP$5Uk
=ACF  \\$aPrevious copyright fee: GBP30.00$c2\0$e01-jan-2015$fGBP30.00$g0$hP$5Uk
=ACF  \\$aPrevious copyright fee: GBP34.00$c2\0$e01-jan-2016$fGBP34.00$g0$hP$5Uk
=ACF  \\$aPrevious copyright fee: GBP31.00$c2\0$e01-apr-2016$fGBP31.00$g0$hP$5Uk
=ACF  \\$aPrevious copyright fee: GBP33.00$c2\0$e01-jan-2017$fGBP33.00$g0$hP$5Uk
=ACF  \\$aPrevious copyright fee: GBP35.00$c2\0$e01-jan-2018$fGBP35.00$g0$hP$5Uk
=ACF  \\$aPrevious copyright fee: GBP37.00$c2\0$e01-jan-2019$fGBP37.00$g0$hP$5Uk
=ACF  \\$aPrevious copyright fee: GBP39.00$c2\0$e01-jan-2020$fGBP39.00$g0$hP$5Uk
=CAT  \\$a11281$b40$c20051219$lBLL01$h1218
=CAT  \\$aBLDSS-3PM$b00$c20141130$lBLL01$h1249
=CAT  \\$aIPL-CLA$c20141231$lBLL01$h1653
=CAT  \\$aBATCH-UPD$b00$c20151119$lBLL01$h1534
=CAT  \\$a11433$b40$c20151205$lBLL01$h1201
=CAT  \\$aIPL-CLA$c20151231$lBLL01$h1923
=CAT  \\$a14448$b40$c20160120$lBLL01$h1132
=CAT  \\$a5552$b40$c20160303$lBLL01$h0923
=CAT  \\$a10973$b40$c20160304$lBLL01$h1103
=CAT  \\$aIPL-CLA$c20160331$lBLL01$h1732
=CAT  \\$aBATCH-UPD$b00$c20160525$lBLL01$h1449
=CAT  \\$aBATCH-UPD$b00$c20161122$lBLL01$h1505
=CAT  \\$aIPL-CLA$c20161230$lBLL01$h2150
=CAT  \\$aBATCH-UPD$b00$c20171121$lBLL01$h1655
=CAT  \\$aW1711-1005$c20171206$lBLL01$h1819
=CAT  \\$aIPL-CLA$c20171231$lBLL01$h1650
=CAT  \\$aBATCH-UPD$b00$c20181217$lBLL01$h1644
=CAT  \\$aIPL-CLA$c20181231$lBLL01$h1543
=CAT  \\$aW1811-111$c20190203$lBLL01$h0956
=CAT  \\$aBATCH-UPD$b00$c20191122$lBLL01$h1906
=CAT  \\$aIPL-CLA$c20191231$lBLL01$h1937
=CAT  \\$aBATCH-UPD$b00$c20201118$lBLL01$h1341
=CAT  \\$aIPL-CLA$c20201231$lBLL01$h1529
=CAT  \\$aBATCH-UPD$b00$c20221121$lBLL01$h1339
=CAT  \\$aIPL-CLA$c20221231$lBLL01$h1447
=CAT  \\$a5410$b40$c20230307$lBLL01$h0053
=CFI  0\$aCurrent copyright fee: GBP43.00$c2\0$e01-jan-2023$fGBP43.00$g0$hP$5Uk
=CFI  2\$aPrevious copyright fee: GBP41.00$c2\0$e01-jan-2021$fGBP41.00$g0$hP$5Uk
=EST  \\$a1
=FFP  \\$aY$bBLDSS-3PM
=FIN  \\$aY$d20051219
=FMT  \\$a  SE
=LAS  \\$a5410$b40$c20230307$lBLL01$h0053
=MNI  \\$a1573-062X
=SID  \\$aZ39$bOCLC
=TCO  \\$aCLA$bCLA$c008
=TCO  \\$aNLD$bSTICHTING REPRORECHT$c008
=TOC  \\$aETOC

