=LDR  05647cas a2201237 a 4500
=001  013364258
=003  Uk
=005  20230930080846.0
=006  m\\\\\\\\d\\\\\\\\
=007  cr|mnu||||||||
=008  000508c19959999enkbx\pss\\\\\0\\\a0eng\d
=010  \\$a2004263044
=015  \\$aGBA607467$2bnb
=022  0\$a1470-1278$y1354-0602
=037  \\$aISSN_13540602$bPortico$nTaylor & Francis
=040  \\$aF#A$beng$cF#A$dOCLCQ$dTXA$dOCL$dOCLCQ$dUk
=042  \\$aukblsr
=046  \\$at$c2000$e9999
=050  14$aLB2840$b.T448x
=082  04$a371.005$222
=130  0\$aTeachers and teaching (Online)
=222  \0$aTeachers and teaching$b(Online)
=245  10$aTeachers and teaching$h[electronic resource] :$btheory and practice.
=260  \\$a[Abingdon, Oxfordshire] :$bCarfax International Publishers,$c2000-
=260  3\$aLondon :$bRoutledge
=310  \\$aEight times a year,$b2015-
=321  \\$aBimonthly,$b2004-2014
=321  \\$aFour no. a year,$b2003
=321  \\$aThree no. a year,$b2000-2002
=321  \\$aSemiannual,$b1995-1999
=336  \\$atext$2rdacontent
=337  \\$acomputer$2rdamedia
=338  \\$aonline resource$2rdacarrier
=362  1\$aPrint began with: Vol. 1, no. 1 (Mar. 1995).
=500  \\$aDescription based on: Vol. 6, no. 1 (Feb. 2000); title from issue table of contents (MetaPress, viewed Nov. 15, 2004).
=530  \\$aAlso issued in print.
=538  \\$aMode of access: World Wide Web.
=540  \\$aCurrent copyright fee: GBP37.00$c2\0$5Uk
=550  \\$aJournal of the International Study Association on Teachers and Teaching.
=588  \\$aLatest issue consulted: Volume 21, Issue 8 (2015) (Taylor and Francis Online, viewed December 3, 2015).
=650  \0$aTeaching$vPeriodicals.
=710  2\$aInternational Study Association on Teacher Thinking.
=710  2\$aInternational Study Association on Teachers and Teaching.
=776  0\$tTeachers and teaching$x1354-0602
=852  41$aBritish Library$bHMNTS$jELD Digital store$3Volume 22:Issue 1(2016)-
=852  41$aBritish Library$bDSC$j8613.634000$3Volume 12:Issue 1(2006)-Volume 17:Issue 6(2011)***See ESTAR for full holdings.
=856  \\$31850-9999$uhttp://www.tandfonline.com/$xBLDSS
=856  4\$uhttp://www.tandf.co.uk/journals/titles/13540602.asp
=856  40$uhttp://www.tandfonline.com/toc/ctat20/current
=859  \\$aELD$bejournal
=945  \\$aTeachers and teaching
=959  \\$fHeld but not currently received
=985  \\$aISSN responsibility taken by US ISSN Center (multinational publisher), August 21 2013.
=ACF  \\$aPrevious copyright fee: GBP17.00$c1\0$e01-jan-2010$fGBP17.00$g0$hP$5Uk
=ACF  \\$aPrevious copyright fee: GBP16.00$c1\0$e01-jan-2009$fGBP16.00$g0$hP$5Uk
=ACF  \\$aPrevious copyright fee: GBP15.00$c1\0$e01-apr-2008$fGBP15.00$g0$hP$5Uk
=ACF  \\$aPrevious copyright fee: GBP16.00$c1\0$e01-jan-2007$fGBP16.00$g0$hP$5Uk
=ACF  \\$aPrevious copyright fee: GBP13.00$c1\0$e01-jan-2005$fGBP13.00$g0$hP$5Uk
=ACF  \\$aPrevious copyright fee: GBP21.00$c1\0$e01-jan-2011$fGBP21.00$g0$hP$5Uk
=ACF  \\$aPrevious copyright fee: GBP23.00$c1\0$e01-jan-2012$fGBP23.00$g0$hP$5Uk
=ACF  \\$aPrevious copyright fee: GBP23.50$c1\0$e01-jan-2013$fGBP23.50$g0$hP$5Uk
=ACF  \\$aPrevious copyright fee: GBP24.00$c1\0$e01-jan-2014$fGBP24.00$g0$hP$5Uk
=ACF  \\$aPrevious copyright fee: GBP25.00$c1\0$e01-jan-2015$fGBP25.00$g0$hP$5Uk
=ACF  \\$aPrevious copyright fee: GBP26.00$c1\0$e01-jan-2016$fGBP26.00$g0$hP$5Uk
=ACF  \\$aPrevious copyright fee: GBP28.00$c1\0$e01-jan-2017$fGBP28.00$g0$hP$5Uk
=ACF  \\$aPrevious copyright fee: GBP30.00$c1\0$e01-jan-2018$fGBP30.00$g0$hP$5Uk
=ACF  \\$aPrevious copyright fee: GBP32.00$c1\0$e01-jan-2019$fGBP32.00$g0$hP$5Uk
=ACF  \\$aPrevious copyright fee: GBP34.00$c1\0$e01-jan-2020$fGBP34.00$g0$hP$5Uk
=ACF  \\$aPrevious copyright fee: GBP35.00$c1\0$e01-jan-2021$fGBP35.00$g0$hP$5Uk
=CAT  \\$a7332$b40$c20051219$lBLL01$h1526
=CAT  \\$aBATCH-UPD$b00$c20151119$lBLL01$h1521
=CAT  \\$a10973$b40$c20151203$lBLL01$h1139
=CAT  \\$a14448$b40$c20151214$lBLL01$h0913
=CAT  \\$aIPL-CLA$c20151231$lBLL01$h1923
=CAT  \\$a14448$b40$c20160130$lBLL01$h0928
=CAT  \\$aBATCH-UPD$b40$c20160527$lBLL01$h2126
=CAT  \\$aBATCH-UPD$b40$c20161122$lBLL01$h1443
=CAT  \\$aIPL-CLA$c20161230$lBLL01$h2150
=CAT  \\$aBATCH-UPD$b00$c20171121$lBLL01$h1623
=CAT  \\$aW1711-1005$c20171206$lBLL01$h1819
=CAT  \\$aIPL-CLA$c20171231$lBLL01$h1650
=CAT  \\$aBATCH-UPD$b00$c20181217$lBLL01$h1629
=CAT  \\$aIPL-CLA$c20181231$lBLL01$h1543
=CAT  \\$aBATCH-UPD$b00$c20191122$lBLL01$h1842
=CAT  \\$aIPL-CLA$c20191231$lBLL01$h1937
=CAT  \\$a5410$b40$c20200210$lBLL01$h1415
=CAT  \\$aBATCH-UPD$b40$c20201118$lBLL01$h1324
=CAT  \\$aIPL-CLA$c20201231$lBLL01$h1529
=CAT  \\$a12654$b40$c20220509$lBLL01$h1405
=CAT  \\$a5410$b40$c20220601$lBLL01$h1036
=CAT  \\$a5410$b40$c20220601$lBLL01$h1037
=CAT  \\$aBATCH-UPD$b40$c20221121$lBLL01$h1319
=CAT  \\$aIPL-CLA$c20221231$lBLL01$h1447
=CAT  \\$aR2308-1440$c20230824$lBLL01$h0928
=CAT  \\$aIPL-CLA$c20230930$lBLL01$h0808
=CFI  0\$aCurrent copyright fee: GBP37.00$c2\0$e01-oct-2023$fGBP37.00$g0$hP$5Uk
=CFI  2\$aPrevious copyright fee: GBP37.00$c1\0$e01-jan-2023$fGBP37.00$g0$hP$5Uk
=EST  \\$a1
=FFP  \\$aY$bBLDSS-3PM
=FIN  \\$aY$d20051219
=FMT  \\$a  SE
=LAS  \\$aIPL-CLA$b00$c20230930$lBLL01$h0808
=MNI  \\$a1354-0602
=SID  \\$aZ39$bOCLC
=TCO  \\$aCLA$bCLA$c008
=TOC  \\$aETOC

