=LDR  01802aas a2200529 a 4500
=001  013373489
=003  Uk
=005  20080815075834.0
=007  ta
=008  060109c20079999ja\fr\p\\\\\\\0\\\a0eng\\
=015  \\$aGBA782645$2bnb
=022  0\$a1750-2292
=040  \\$aUk$beng$cUk$dUk
=041  0\$aeng$bjpn
=042  \\$aukblsr
=082  04$a580$222
=210  0\$aJpn. j. plant sci.
=222  \0$aJapanese journal of plant science
=245  00$aJapanese journal of plant science =$bNihon shokubutsugaku zasshi
=246  31$aNihon shokubutsugaku zasshi
=260  \\$aIsleworth :$bGlobal Science Books,$c2007-
=300  \\$av. :$bill. (some col.) ;$c30 cm.
=310  \\$aSemiannual
=336  \\$atext$2rdacontent
=337  \\$aunmediated$2rdamedia
=338  \\$avolume$2rdacarrier
=362  0\$aVol. 1, no. 1 (2007)-
=500  \\$aPublication transferred to Takamatsu, Japan.
=546  \\$aEnglish text; Japanese abstracts.
=650  \0$aBotany$vPeriodicals.
=650  \0$aBotany$zJapan$vPeriodicals.
=852  11$aBritish Library$bSTI$k(P)$h580$m-E(3)$3Vol. 1, no. 1 (2007)-v. 1, no. 2 (2007)
=985  \\$aResponsibility for ISSN transferred to Japanese Centre from ISSN UK, 15.08.08
=CAT  \\$a6537$b40$c20060109$lBLL01$h0856
=CAT  \\$a6537$b40$c20060109$lBLL01$h0859
=CAT  \\$a6537$b40$c20060904$lBLL01$h1412
=CAT  \\$a6537$b40$c20070911$lBLL01$h1502
=CAT  \\$a6537$b40$c20070911$lBLL01$h1504
=CAT  \\$a8323$b40$c20071011$lBLL01$h0903
=CAT  \\$a8323$b40$c20071011$lBLL01$h1452
=CAT  \\$a6537$b40$c20080815$lBLL01$h0746
=CAT  \\$a6537$b40$c20080815$lBLL01$h0758
=CAT  \\$aWR14_140$c20140905$lBLL01$h1810
=FIN  \\$aY$d20070911
=FMT  \\$a  SE
=LAS  \\$aWR14_140$b00$c20140905$lBLL01$h1810
=TCO  \\$aJPN$bJAACC$c008

