=LDR  04533cas a2200985 a 4500
=001  013387358
=003  Uk
=005  20221231211834.0
=007  ta
=008  060124c20079999enktr\\\\\\\\\0\\\a0eng\\
=015  \\$aGBA765161$2bnb
=022  0\$a1750-3175
=040  \\$aUk$beng$cUk$dUk
=042  \\$aukblsr
=082  04$a791.43099$222
=222  \0$aStudies in Australasian cinema$b(Print)
=245  00$aStudies in Australasian cinema.
=260  \\$aBristol :$bIntellect,$c2007-
=264  31$32014-$aAbingdon :$bTaylor & Francis
=300  \\$av. ;$c25 cm.
=310  \\$aThree issues yearly
=336  \\$atext$2rdacontent
=337  \\$aunmediated$2rdamedia
=338  \\$avolume$2rdacarrier
=362  0\$aVol. 1, no. 1 (2007)-
=490  1\$aIntellect journals. Film studies
=540  \\$aCurrent copyright fee: GBP37.00$c2\0$5Uk
=588  \\$aLatest issue consulted: volume 8, issue 1 (March 2014).
=650  \0$aMotion pictures$zAustralasia$vPeriodicals.
=776  08$iAlso issued online as:$tStudies in Australasian cinema$x1750-3183
=830  \0$aIntellect journals.$pFilm studies.
=852  41$aBritish Library$bHMNTS$jZC.9.a.7850$3Vol. 1, no. 1 (2007)-v. 9, issue 3 (Nov. 2015)***title now taken as electronic copy only
=856  \\$31850-9999$uhttp://www.tandfonline.com/$xBLDSS
=945  \\$aStudies in Australasian cinema
=979  \\$aBritish Library$bDSC$j8489.566000N
=985  \\$aISSN note: responsibility for ISSN transferred to US ISSN center from ISSN UK Centre under multinational publisher agreement. 3.10.14
=ACF  \\$aPrevious Copyright Fee: GBP12.00$c0$e01-apr-2012$fGBP12.00$g0$hC$5Uk
=ACF  \\$aPrevious Copyright Fee: GBP12.00$c0$e01-jan-2012$fGBP12.00$g0$hC$5Uk
=ACF  \\$aPrevious Copyright Fee: GBP10.50$c0$e01-oct-2011$fGBP10.50$g0$hC$5Uk
=ACF  \\$aPrevious Copyright Fee: GBP10.50$c0$e01-jul-2011$fGBP10.50$g0$hC$5Uk
=ACF  \\$aPrevious copyright fee: GBP10.50$c0$e01-jan-2011$fGBP10.50$g0$hA$5Uk
=ACF  \\$aPrevious copyright fee: GBP9.00$c0$e01-apr-2010$fGBP9.00$g0$hA$5Uk
=ACF  \\$aPrevious copyright fee: GBP6.00$c0$e17-apr-2008$fGBP6.00$g0$hA$5Uk
=ACF  \\$aPrevious Copyright Fee: GBP12.00$c0$e01-jul-2012$fGBP12.00$g0$hC$5Uk
=ACF  \\$aPrevious Copyright Fee: GBP12.00$c0$e01-oct-2012$fGBP12.00$g0$hC$5Uk
=ACF  \\$aPrevious Copyright Fee: GBP24.00$c2\0$e03-jan-2014$fGBP24.00$g0$hP$5Uk
=ACF  \\$aPrevious copyright fee: GBP25.00$c2\0$e01-jan-2015$fGBP25.00$g0$hP$5Uk
=ACF  \\$aPrevious copyright fee: GBP26.00$c2\0$e01-jan-2016$fGBP26.00$g0$hP$5Uk
=ACF  \\$aPrevious copyright fee: GBP28.00$c2\0$e01-jan-2017$fGBP28.00$g0$hP$5Uk
=ACF  \\$aPrevious copyright fee: GBP30.00$c2\0$e01-jan-2018$fGBP30.00$g0$hP$5Uk
=ACF  \\$aPrevious copyright fee: GBP32.00$c2\0$e01-jan-2019$fGBP32.00$g0$hP$5Uk
=ACF  \\$aPrevious copyright fee: GBP34.00$c2\0$e01-jan-2020$fGBP34.00$g0$hP$5Uk
=CAT  \\$a9570$b40$c20060124$lBLL01$h1750
=CAT  \\$aWR14_140$c20140905$lBLL01$h1810
=CAT  \\$a11205$b40$c20141001$lBLL01$h1232
=CAT  \\$a11315$b40$c20141003$lBLL01$h0825
=CAT  \\$aBATCH-UPD$b40$c20141124$lBLL01$h1803
=CAT  \\$aBLDSS-3PM$b00$c20141130$lBLL01$h1249
=CAT  \\$aIPL-CLA$c20141231$lBLL01$h1653
=CAT  \\$aBATCH-UPD$b00$c20151119$lBLL01$h1543
=CAT  \\$aIPL-CLA$c20151231$lBLL01$h1923
=CAT  \\$a11316$b40$c20160304$lBLL01$h1513
=CAT  \\$aBATCH-UPD$b40$c20160413$lBLL01$h1820
=CAT  \\$aBATCH-UPD$b40$c20161122$lBLL01$h1513
=CAT  \\$aBATCH-UPD$b40$c20161122$lBLL01$h1616
=CAT  \\$aIPL-CLA$c20161230$lBLL01$h2152
=CAT  \\$a5410$b40$c20170912$lBLL01$h1036
=CAT  \\$aBATCH-UPD$b40$c20171121$lBLL01$h1647
=CAT  \\$aIPL-CLA$c20171231$lBLL01$h1651
=CAT  \\$a5410$b40$c20180404$lBLL01$h0904
=CAT  \\$aBATCH-UPD$b40$c20181217$lBLL01$h1638
=CAT  \\$aIPL-CLA$c20181231$lBLL01$h1544
=CAT  \\$aBATCH-UPD$b00$c20191122$lBLL01$h1900
=CAT  \\$aIPL-CLA$c20191231$lBLL01$h1938
=CAT  \\$aBATCH-UPD$b00$c20201118$lBLL01$h1334
=CAT  \\$aIPL-CLA$c20201231$lBLL01$h2207
=CAT  \\$aBATCH-UPD$b00$c20221121$lBLL01$h1347
=CAT  \\$aIPL-CLA$c20221231$lBLL01$h2118
=CFI  0\$aCurrent copyright fee: GBP37.00$c2\0$e01-jan-2023$fGBP37.00$g0$hP$5Uk
=CFI  2\$aPrevious copyright fee: GBP35.00$c2\0$e01-jan-2021$fGBP35.00$g0$hP$5Uk
=FFP  \\$aY$bBLDSS-3PM
=FIN  \\$aY$d20070815
=FMT  \\$a  SE
=LAS  \\$aIPL-CLA$b00$c20221231$lBLL01$h2118
=TCO  \\$aCLA$bCLA$c008

