=LDR  05070cas a2201129 a 4500
=001  013387360
=003  Uk
=005  20230924103156.0
=006  m\\\\\o\\d\\\\\\\\
=007  cr\|||||||||||
=008  070514c20079999enktr\p\o\\\\\0\\\a0eng\c
=010  \\$a  2011242077
=015  \\$aGBB631446$2bnb
=016  7\$a984182136$2DE-101
=016  7\$a2303744-1$2DE-600
=022  0\$a1750-3183
=035  \\$a(OCoLC)162474074
=037  \\$aISSN_17503175_21$bPortico$nTaylor & Francis
=040  \\$aDE-MnBSB$beng$cDE-MnBSB$dOCoLC$dViBlbV$dCaBVaS$dOCoLC$dHEBIS$dOCoLC$dMCM$dOCoLC$dOCLCF$dDLC$dWaSeSS$dOCLCO$dOCoLC$dUk
=042  \\$aukblsr
=043  \\$au------$au-at---$au-nz---
=050  \4$aPN1993$b.S78
=082  10$a791.43099$223
=222  \0$aStudies in Australasian cinema$b(Online)
=245  00$aStudies in Australasian cinema$h[electronic resource].
=260  \\$aBristol :$bIntellect,$c2007-
=264  31$3<2014-> :$a[Abingdon, Oxon] :$bRoutlege, Taylor & Francis
=310  \\$aThree times a year
=336  \\$atext$2rdacontent
=337  \\$acomputer$2rdamedia
=338  \\$aonline resource$2rdacarrier
=362  0\$aVol. 1, no. 1 (2007)-
=540  \\$aCurrent copyright fee: GBP37.00$c2\0$5Uk
=588  \\$aDescription based on: Vol. 1, no. 1 (2007); title from journal table of content's page (Ingentaconnect, viewed Nov. 17, 2011).
=588  \\$aLatest issue consulted: volume 9, issue 3 (2015) (Taylor & Francis Online, viewed March 4, 2016).
=650  \0$aMotion pictures$zAustralasia$vPeriodicals.
=650  \0$aMotion pictures$zAustralia$vPeriodicals.
=650  \0$aMotion pictures$zNew Zealand$vPeriodicals.
=650  \0$aMotion picture industry$zAustralia$vPeriodicals.
=650  \7$aMotion picture industry.$2fast$0(OCoLC)fst01027150
=650  \7$aMotion pictures.$2fast$0(OCoLC)fst01027285
=651  \7$aAustralasia.$2fast$0(OCoLC)fst01240888
=651  \7$aAustralia.$2fast$0(OCoLC)fst01204543
=651  \7$aNew Zealand.$2fast$0(OCoLC)fst01204542
=655  \7$aPeriodicals.$2fast$0(OCoLC)fst01411641
=776  08$iPrint version:$tStudies in Australasian cinema$x1750-3175
=852  41$aBritish Library$bHMNTS$jELD Digital store$3Volume 10:Issue 1(2016)-
=856  \\$31850-9999$uhttp://www.tandfonline.com/$xBLDSS
=856  40$uhttp://www.tandfonline.com/loi/rsau20
=856  40$uhttp://openurl.ingenta.com/content?genre=journal&issn=1750-3175
=859  \\$aELD$bejournal
=945  \\$aStudies in Australasian cinema
=979  \\$aBritish Library$bDSC$j8489.566000N
=985  \\$aISSN note: responsibility for ISSN transferred to US ISSN center from ISSN UK Centre under multinational publisher agreement. 3.10.14
=ACF  \\$aPrevious Copyright Fee: GBP24.00$c2\0$e03-jan-2014$fGBP24.00$g0$hP$5Uk
=ACF  \\$aPrevious copyright fee: GBP25.00$c2\0$e01-jan-2015$fGBP25.00$g0$hP$5Uk
=ACF  \\$aPrevious copyright fee: GBP26.00$c2\0$e01-jan-2016$fGBP26.00$g0$hP$5Uk
=ACF  \\$aPrevious copyright fee: GBP28.00$c2\0$e01-jan-2017$fGBP28.00$g0$hP$5Uk
=ACF  \\$aPrevious copyright fee: GBP30.00$c2\0$e01-jan-2018$fGBP30.00$g0$hP$5Uk
=ACF  \\$aPrevious copyright fee: GBP32.00$c2\0$e01-jan-2019$fGBP32.00$g0$hP$5Uk
=ACF  \\$aPrevious copyright fee: GBP34.00$c2\0$e01-jan-2020$fGBP34.00$g0$hP$5Uk
=CAT  \\$a9570$b40$c20060124$lBLL01$h1751
=CAT  \\$aBLDSS-3PM$b00$c20141130$lBLL01$h1249
=CAT  \\$aIPL-CLA$c20141231$lBLL01$h1653
=CAT  \\$aBATCH-UPD$b00$c20151119$lBLL01$h1543
=CAT  \\$a14448$b40$c20151214$lBLL01$h1141
=CAT  \\$aIPL-CLA$c20151231$lBLL01$h1923
=CAT  \\$a14448$b40$c20160130$lBLL01$h0950
=CAT  \\$a11316$b40$c20160304$lBLL01$h1512
=CAT  \\$aBATCH-UPD$b40$c20160413$lBLL01$h1820
=CAT  \\$aBATCH-UPD$b40$c20160605$lBLL01$h0010
=CAT  \\$a5410$b40$c20161122$lBLL01$h1225
=CAT  \\$aBATCH-UPD$b40$c20161122$lBLL01$h1513
=CAT  \\$aIPL-CLA$c20161230$lBLL01$h2152
=CAT  \\$aBATCH-UPD$b00$c20171121$lBLL01$h1647
=CAT  \\$aW1711-1005$c20171205$lBLL01$h2211
=CAT  \\$aIPL-CLA$c20171231$lBLL01$h1651
=CAT  \\$a5410$b40$c20180404$lBLL01$h0904
=CAT  \\$aBATCH-UPD$b40$c20181217$lBLL01$h1638
=CAT  \\$aIPL-CLA$c20181231$lBLL01$h1544
=CAT  \\$aBATCH-UPD$b00$c20191122$lBLL01$h1900
=CAT  \\$aIPL-CLA$c20191231$lBLL01$h1938
=CAT  \\$aBATCH-UPD$b00$c20201118$lBLL01$h1334
=CAT  \\$aIPL-CLA$c20201231$lBLL01$h1529
=CAT  \\$aBATCH-UPD$b00$c20221121$lBLL01$h1347
=CAT  \\$aIPL-CLA$c20221231$lBLL01$h1447
=CAT  \\$a5410$b40$c20230924$lBLL01$h1031
=CFI  0\$aCurrent copyright fee: GBP37.00$c2\0$e01-jan-2023$fGBP37.00$g0$hP$5Uk
=CFI  2\$aPrevious copyright fee: GBP35.00$c2\0$e01-jan-2021$fGBP35.00$g0$hP$5Uk
=FFP  \\$aY$bBLDSS-3PM
=FIN  \\$aY$d20070815
=FMT  \\$a  SE
=LAS  \\$a5410$b40$c20230924$lBLL01$h1031
=LKR  \\$aPAR$b013387358$lBLL01$nStudies in Australasian cinema (Print)$mStudies in Australasian cinema (Online)$r776
=SRC  \\$aBLL02
=TCO  \\$aCLA$bCLA$c008
=TOC  \\$aETOC

