=LDR  04243cas a2200973 a 4500
=001  013404974
=003  Uk
=005  20200124085909.0
=006  m\\\\\o\\d\\\\\\\\
=007  cr\un|||||||||
=008  050614c19919999enkqr\pso\\\\\0\\\a0eng\c
=010  \\$a  2007252819
=022  0\$a1750-4910
=035  \\$a(OCoLC)60624643$z(OCoLC)232118423$z(OCoLC)858839559$z(OCoLC)983781058$z(OCoLC)989752490$z(OCoLC)993933726
=037  \\$aISSN_17504910$bPortico$nWiley
=040  \\$aOCLCS$beng$cOCLCS$dWAU$dBUF$dUX0$dOCLCQ$dBUF$dOCLCQ$dOCLCO$dOCLCQ$dCOO$dUk
=042  \\$apcc$aukblsr
=050  \4$aRT24$b.N88
=060  \4$aW1$bNU551G
=082  04$a808.06661$223
=130  0\$aNurse author & editor (Online)
=222  \0$aNurse author & editor$b(Online)
=245  10$aNurse author & editor.
=246  30$aNurse author and editor
=260  \\$aOxford :$bBlackwell
=260  \\$3<1991-2005> :$aLakewood, CO :$bHall Johnson Communications
=260  2\$3<2006>- :$a[Oxford] :$bBlackwell Pub.
=264  31$a[Oxford?] :$bWiley
=310  \\$aQuarterly
=336  \\$atext$2rdacontent
=337  \\$acomputer$2rdamedia
=338  \\$aonline resource$2rdacarrier
=362  1\$aPrint began with v. 1, issue 1 (winter 1991).
=500  \\$aFrom 2015, content published every two weeks and collated quarterly.
=521  8\$a"A newsletter for nurse authors, editors, and editorial board members."
=538  \\$aMode of access: World Wide Web.
=540  \\$aCurrent Copyright Fee: zero$c35\0$5Uk
=580  \\$aBeginning with 2005, issued online only.
=588  \\$aDescription based on print version record.
=588  \\$aLatest issue consulted: volume 28, issue 1 (March 2018) (naepub.com, viewed March 14, 2018).
=650  \0$aNursing$xAuthorship$vPeriodicals.
=650  \0$aNursing literature$xEditing$vPeriodicals.
=650  \2$aPublishing$vNurses' Instruction.
=650  \2$aPublishing$vPeriodicals.
=650  \2$aWriting$vNurses' Instruction.
=650  \2$aWriting$vPeriodicals.
=655  \0$aElectronic journals.
=776  08$iPrint version, through 2005:$tNurse author & editor$x1054-2353
=780  00$tNurse author & editor$x1054-2353
=852  41$aBritish Library$bHMNTS$jELD Digital store$3Volume 23:Issue 1(2013)-
=856  \\$31850-9999$uhttp://onlinelibrary.wiley.com/$xBLDSS
=856  40$uhttp://gateway.proquest.com/openurl?ctx_ver=Z39.88-2003&res_id=xri:ItemLocation:pqd&rft_val_fmt=ori:fmt:kev:mtx:journal&genre=journal&req_dat=xri:pqil:pq_clntid=58117&res_dat=xri:pqil:res_ver=0.2&svc_id=xri:pqil:context=title&rft_id=xri:pqd:PMID=40565
=856  40$uhttp://naepub.com/
=856  40$uhttp://search.ebscohost.com/login.aspx?direct=true&db=rzh&jid=2IZ5&site=ehost-live
=856  40$uhttp://www.nurseauthoreditor.com/
=856  40$uhttp://www.nurseauthoreditor.com/$zfree online publication, but registration is required
=859  \\$aELD$bejournal
=945  \\$aNURSE AUTHOR AND EDITOR.
=979  \\$aBritish Library$bDSC$j6187.028340
=985  \\$aISSN responsibility transfer from UK to US pending (Richard, 14/03/18) UPDATE U.S. Center is waiting for confirmation from Wiley (Richard, 10/04/18)
=CAT  \\$a6537$b40$c20060216$lBLL01$h1010
=CAT  \\$a6537$b40$c20060717$lBLL01$h1431
=CAT  \\$a10983$b40$c20140408$lBLL01$h1233
=CAT  \\$a10983$b40$c20140408$lBLL01$h1235
=CAT  \\$a14412$b40$c20171110$lBLL01$h1200
=CAT  \\$aW1711-1005$c20171206$lBLL01$h1819
=CAT  \\$a10983$b40$c20180219$lBLL01$h1325
=CAT  \\$a10806$b40$c20180314$lBLL01$h1450
=CAT  \\$a10806$b40$c20180314$lBLL01$h1451
=CAT  \\$a10806$b40$c20180314$lBLL01$h1452
=CAT  \\$a10806$b40$c20180410$lBLL01$h1447
=CAT  \\$a5552$b40$c20200114$lBLL01$h1351
=CAT  \\$aBLDSS-3PM$b00$c20200124$lBLL01$h0859
=CAT  \\$aBATCH-UPD$b00$c20200124$lBLL01$h0900
=CFI  0\$aCurrent Copyright Fee: zero$c35\0$e14-jan-2020$fGBP0.00$g0$hP$5Uk
=FFP  \\$aY$bBLDSS-3PM
=FIN  \\$aY$d20060717
=FMT  \\$a  SE
=LAS  \\$aBATCH-UPD$b00$c20200124$lBLL01$h0900
=LKR  \\$aPAR$b007177193$lBLL01$r78000$mNurse author & editor (Online)$nNurse author & editor
=SID  \\$aZ39$bOCLC
=TCO  \\$aCLA$bCLA$c008
=TOC  \\$aETOC
=UNO  \\$aY

