=LDR  04315cas a2200973 a 4500
=001  013416178
=003  Uk
=005  20230209233701.0
=007  ta
=008  060301c20079999enkfr\p\\\\\\\0\\\a0eng\\
=015  \\$aGBA774297$2bnb
=022  0\$a1750-6816
=040  \\$aUk$beng$cUk$dUk
=042  \\$aukblsr
=082  04$a333.705$222
=210  0\$aRev. environ. economics policy$b(Print)
=222  \0$aReview of environmental economics and policy$b(Print)
=245  00$aReview of environmental economics and policy.
=246  1\$iAlso known as:$aREEP
=260  \\$aOxford :$bOxford University Press,$c2007-
=264  21$a[Cary, NC] :$b[Oxford Journals]
=264  31$32021-$a[Chicago, Illinois] :$b[University of Chicago Press]
=300  \\$av. :$bill. ;$c25 cm.
=310  \\$aSemiannual
=336  \\$atext$2rdacontent
=337  \\$aunmediated$2rdamedia
=338  \\$avolume$2rdacarrier
=362  0\$aVol. 1, no. 1 (winter 2007)-
=500  \\$aDSC print not held.
=540  \\$aCurrent Copyright Fee: GBP25.00$c0$5Uk
=550  \\$aPublished on behalf of: Association of Environmental and Resource Economists.
=588  \\$aLatest issue consulted: surrogate of volume 15, number 1 (winter 2021).
=650  \0$aEnvironmental economics$vPeriodicals.
=650  \0$aEnvironmental policy$vPeriodicals.
=776  08$iAlso issued online as:$tReview of environmental economics and policy$x1750-6824
=852  41$aBritish Library$bHMNTS$jZC.9.a.8151$3Vol. 1, no. 1 (2007)- v. 7 no. 2 (2013)***Title now taken as electronic copy
=945  \\$aReview of environmental economics and policy.
=979  \\$aBritish Library$bDSC$j7790.523000
=985  \\$aISSN UK Centre: responsibility transferred to US Center 22/4/21.
=ACF  \\$aPrevious Copyright Fee: GBP16.00$c29\0$e01-jan-2007$fGBP16.00$g0$hP$5Uk
=ACF  \\$aPrevious copyright fee: GBP18.00$c29\0$e01-jan-2008$fGBP18.00$g0$hP$5Uk
=ACF  \\$aPrevious copyright fee: GBP20.00$c29\0$e01-jan-2013$fGBP20.00$g0$hP$5Uk
=ACF  \\$aPrevious copyright fee: GBP23.00$c29\0$e01-jan-2015$fGBP23.00$g0$hP$5Uk
=ACF  \\$aPrevious copyright fee: GBP24.00$c29\0$e01-jan-2016$fGBP24.00$g0$hP$5Uk
=ACF  \\$aPrevious copyright fee: GBP26.00$c29\0$e01-jan-2017$fGBP26.00$g0$hP$5Uk
=ACF  \\$aPrevious copyright fee: GBP27.00$c29\0$e01-jan-2018$fGBP27.00$g0$hP$5Uk
=ACF  \\$aPrevious Copyright Fee: GBP20.00$c29\0$e01-jan-2020$fGBP20.00$g0$hP$5Uk
=ACF  \\$aPrevious copyright fee: GBP28.00$c29\0$e01-jan-2019$fGBP28.00$g0$hP$5Uk
=ACF  \\$aPrevious Copyright Fee: GBP22.50$c0$e15-feb-2021$fGBP22.50$g0$hA$5Uk
=CAT  \\$a6537$b40$c20060301$lBLL01$h1136
=CAT  \\$a11316$b40$c20130806$lBLL01$h1340
=CAT  \\$a8323$b40$c20140205$lBLL01$h1001
=CAT  \\$aBATCH-UPD$b40$c20141124$lBLL01$h1810
=CAT  \\$aBLDSS-3PM$b00$c20141208$lBLL01$h1625
=CAT  \\$aIPL-CLA$c20141231$lBLL01$h1654
=CAT  \\$aBATCH-UPD$b00$c20151119$lBLL01$h1551
=CAT  \\$aIPL-CLA$c20151231$lBLL01$h1924
=CAT  \\$aBATCH-UPD$b00$c20160413$lBLL01$h1820
=CAT  \\$aBATCH-UPD$b00$c20160524$lBLL01$h2210
=CAT  \\$aBATCH-UPD$b00$c20160525$lBLL01$h0023
=CAT  \\$a5552$b40$c20161121$lBLL01$h1405
=CAT  \\$aBATCH-UPD$b40$c20161122$lBLL01$h1521
=CAT  \\$aIPL-CLA$c20161230$lBLL01$h2153
=CAT  \\$aBATCH-UPD$b00$c20171121$lBLL01$h1704
=CAT  \\$aIPL-CLA$c20171231$lBLL01$h1652
=CAT  \\$a10969$b40$c20180518$lBLL01$h1838
=CAT  \\$aBATCH-UPD$b40$c20181217$lBLL01$h1652
=CAT  \\$aIPL-CLA$c20181231$lBLL01$h1544
=CAT  \\$aR1911-1518$c20191206$lBLL01$h1419
=CAT  \\$aIPL-CLA$c20191231$lBLL01$h1938
=CAT  \\$a5552$b40$c20210215$lBLL01$h1437
=CAT  \\$aDEL-3PM$c20210224$lBLL01$h1027
=CAT  \\$a10973$b40$c20210422$lBLL01$h1427
=CAT  \\$aBATCH-CLA$b00$c20221130$lBLL01$h1446
=CAT  \\$aIPL-CLA$c20221231$lBLL01$h1447
=CAT  \\$aBATCH-CLA$b00$c20230209$lBLL01$h1533
=CAT  \\$aIPL-CLA$c20230209$lBLL01$h2337
=CFI  0\$aCurrent Copyright Fee: GBP25.00$c0$e09-feb-2023$fGBP25.00$g0$hC$5Uk
=CFI  2\$aBritish Library not licensed to copy$c0$e01-jan-2023$hC$iCFP Excluded$5Uk
=FIN  \\$aY$d20070917
=FMT  \\$a  SE
=LAS  \\$aIPL-CLA$b00$c20230209$lBLL01$h2337
=TCO  \\$aCLA$bCLA$c008
=TOC  \\$aETOC

