=LDR  05408cas a2201117 a 4500
=001  013427745
=003  Uk
=005  20221231144728.0
=007  ta
=008  060315c20079999enkfr\p\\\\\\\0\\\a0eng\\
=015  \\$aGBA8A2475$2bnb
=022  0\$a1750-8487
=040  \\$aUk$beng$cUk
=042  \\$aukblsr
=082  04$a370.5$222
=222  \0$aCritical studies in education
=245  00$aCritical studies in education.
=260  \\$aAbingdon :$bRoutledge,$c2007-
=300  \\$av. :$bill. ;$c25 cm.
=310  \\$aSemi-annual
=336  \\$atext$2rdacontent
=337  \\$aunmediated$2rdamedia
=338  \\$avolume$2rdacarrier
=362  0\$aVol. 48, no. 1 (Mar. 2007)-
=540  \\$aCurrent copyright fee: GBP37.00$c2\0$5Uk
=650  \0$aEducation$vPeriodicals.
=776  08$iAlso issued online as:$tCritical studies in education (Online)$x1750-8495
=780  00$tMelbourne studies in education$x0076-6275
=852  41$aBritish Library$bHMNTS$jZC.9.a.8166$3Vol. 48, no. 1 (Mar. 2007)-v. 56, no. 3 (Oct. 2015)***title now taken as electronic copy only
=856  \\$31850-9999$uhttp://www.tandfonline.com/$xBLDSS
=945  \\$aCritical studies in education.
=979  \\$aBritish Library$bDSC$j3487.487590
=985  \\$aResponsibility for ISSN transferred to NSDP
=ACF  \\$aPrevious Copyright Fee: GBP26.00$c0$e01-apr-2012$fGBP26.00$g0$hC$5Uk
=ACF  \\$aPrevious Copyright Fee: GBP26.00$c0$e01-jan-2012$fGBP26.00$g0$hC$5Uk
=ACF  \\$aPrevious Copyright Fee: GBP22.26$c0$e01-oct-2011$fGBP22.26$g0$hC$5Uk
=ACF  \\$aPrevious Copyright Fee: GBP22.26$c0$e01-jul-2011$fGBP22.26$g0$hC$5Uk
=ACF  \\$aPrevious Copyright Fee: GBP22.26$c0$e01-apr-2011$fGBP22.26$g0$hC$5Uk
=ACF  \\$aPrevious Copyright Fee: GBP22.26$c0$e01-jan-2011$fGBP22.26$g0$hC$5Uk
=ACF  \\$aPrevious Copyright Fee: GBP17.02$c0$e01-oct-2010$fGBP17.02$g0$hC$5Uk
=ACF  \\$aPrevious Copyright Fee: GBP17.02$c0$e01-jul-2010$fGBP17.02$g0$hC$5Uk
=ACF  \\$aPrevious Copyright Fee: GBP17.02$c0$e01-apr-2010$fGBP17.02$g0$hC$5Uk
=ACF  \\$aPrevious Copyright Fee: GBP17.02$c0$e01-Jan-2010$fGBP17.02$g0$hC$5Uk
=ACF  \\$aPrevious Copyright Fee: GBP17.02$c0$e01-oct-2009$fGBP17.02$g0$hC$5Uk
=ACF  \\$aPrevious Copyright Fee: GBP17.02$c0$e01-jul-2009$fGBP17.02$g0$hC$5Uk
=ACF  \\$aPrevious Copyright Fee: GBP17.02$c0$e01-apr-2009$fGBP17.02$g0$hC$5Uk
=ACF  \\$aPrevious Copyright Fee: GBP18.75$c0$e01-jan-2009$fGBP18.75$g0$hC$5Uk
=ACF  \\$aPrevious Copyright Fee: GBP2.00$c0$e01-oct-2008$fGBP2.00$g0$hC$5Uk
=ACF  \\$aPrevious Copyright Fee: GBP15.00$c0$e01-jul-2008$fGBP15.00$g0$hC$5Uk
=ACF  \\$aPrevious Copyright Fee: GBP15.00$c0$e01-apr-2008$fGBP15.00$g0$hC$5Uk
=ACF  \\$aPrevious Copyright Fee: GBP26.00$c0$e01-jul-2012$fGBP26.00$g0$hC$5Uk
=ACF  \\$aPrevious Copyright Fee: GBP26.00$c0$e01-oct-2012$fGBP26.00$g0$hC$5Uk
=ACF  \\$aPrevious Copyright Fee: GBP27.00$c0$e01-jan-2013$fGBP27.00$g0$hC$5Uk
=ACF  \\$aPrevious Copyright Fee: GBP28.75$c0$e01-jan-2015$fGBP28.75$g0$hC$5Uk
=ACF  \\$aPrevious Copyright Fee: GBP27.60$c0$e01-jan-2014$fGBP27.60$g0$hC$5Uk
=ACF  \\$aPrevious copyright fee: GBP25.00$c2\0$e21-jan-2015$fGBP25.00$g0$hP$5Uk
=ACF  \\$aPrevious copyright fee: GBP26.00$c2\0$e01-jan-2016$fGBP26.00$g0$hP$5Uk
=ACF  \\$aPrevious copyright fee: GBP28.00$c2\0$e01-jan-2017$fGBP28.00$g0$hP$5Uk
=ACF  \\$aPrevious copyright fee: GBP30.00$c2\0$e01-jan-2018$fGBP30.00$g0$hP$5Uk
=ACF  \\$aPrevious copyright fee: GBP32.00$c2\0$e01-jan-2019$fGBP32.00$g0$hP$5Uk
=ACF  \\$aPrevious copyright fee: GBP34.00$c2\0$e01-jan-2020$fGBP34.00$g0$hP$5Uk
=CAT  \\$a9570$b40$c20060315$lBLL01$h1518
=CAT  \\$aBATCH-CLA$b00$c20131129$lBLL01$h1649
=CAT  \\$aIPL-CLA$c20140101$lBLL01$h0001
=CAT  \\$aWR14_140$c20140905$lBLL01$h1811
=CAT  \\$aBATCH-CLA$b00$c20141128$lBLL01$h0928
=CAT  \\$aIPL-CLA$c20141231$lBLL01$h1654
=CAT  \\$a5552$b40$c20150121$lBLL01$h1600
=CAT  \\$aBLDSS-3PM$b00$c20150215$lBLL01$h1113
=CAT  \\$aBATCH-UPD$b00$c20151119$lBLL01$h1544
=CAT  \\$aIPL-CLA$c20151231$lBLL01$h1924
=CAT  \\$aBATCH-UPD$b00$c20160413$lBLL01$h1820
=CAT  \\$a5997$b40$c20160420$lBLL01$h1248
=CAT  \\$aBATCH-UPD$b40$c20161122$lBLL01$h1513
=CAT  \\$aBATCH-UPD$b40$c20161122$lBLL01$h1616
=CAT  \\$aIPL-CLA$c20161230$lBLL01$h2154
=CAT  \\$a5552$b40$c20170127$lBLL01$h0909
=CAT  \\$aBATCH-UPD$b40$c20171121$lBLL01$h1648
=CAT  \\$aIPL-CLA$c20171231$lBLL01$h1653
=CAT  \\$aBATCH-UPD$b00$c20181217$lBLL01$h1638
=CAT  \\$aIPL-CLA$c20181231$lBLL01$h1544
=CAT  \\$aBATCH-UPD$b00$c20191122$lBLL01$h1900
=CAT  \\$aIPL-CLA$c20191231$lBLL01$h1938
=CAT  \\$aBATCH-UPD$b00$c20201118$lBLL01$h1334
=CAT  \\$aIPL-CLA$c20201231$lBLL01$h1530
=CAT  \\$aBATCH-UPD$b00$c20221121$lBLL01$h1347
=CAT  \\$aIPL-CLA$c20221231$lBLL01$h1447
=CFI  0\$aCurrent copyright fee: GBP37.00$c2\0$e01-jan-2023$fGBP37.00$g0$hP$5Uk
=CFI  2\$aPrevious copyright fee: GBP35.00$c2\0$e01-jan-2021$fGBP35.00$g0$hP$5Uk
=FFP  \\$aY$bBLDSS-3PM
=FIN  \\$aY$d20070619
=FMT  \\$a  SE
=LAS  \\$aIPL-CLA$b00$c20221231$lBLL01$h1447
=LKR  \\$aPAR$b011757010$lBLL01$r78000$mCritical studies in education$nMelbourne studies in education
=TCO  \\$aCLA$bCLA$c008
=TOC  \\$aETOC

