=LDR  02000cas a22004937a 4500
=001  013434443
=003  Uk
=005  20231006110905.0
=007  ta
=008  060324c20039999stkfr\p\\\\\\\0\\\a0eng\\
=022  0\$a1923-5755
=040  \\$aUk$beng$cUk
=222  \0$aInternational review of Scottish studies
=245  00$aInternational review of Scottish studies
=260  \\$a[Canada] :$bScottish Studies Foundation,$c[2003]-
=264  31$32023-$aEdinburgh :$bEdinburgh University Press
=300  \\$av. ;$c21 cm.
=310  \\$aSemiannual
=321  \\$aAnnual
=336  \\$atext$2rdacontent
=337  \\$aunmediated$2rdamedia
=338  \\$avolume$2rdacarrier
=362  1\$aBegan with vol. 28 (2003)
=500  \\$aDescription based on: Vol. 29 (2004)
=588  \\$aLatest issue consulted [surrogate]: volume 48, issue 1 (2023).
=650  \0$aScots$zCanada$xHistory$vPeriodicals.
=710  2\$aScottish Studies Foundation.
=710  2\$aUniversity of Guelph.$bCentre for Scottish Studies.
=776  08$iAlso issued online as:$tInternational review of Scottish studies$x1923-5763
=780  00$tScottish tradition$x0703-1580
=852  41$aBritish Library$bHMNTS$jZD.9.a.356$3Vol. 28 (2003)-v. 38 (2013)
=985  \\$aISSN UK Centre: EUP confirm they are publishing print format version of title. Publishing information updated based on online surrogate (front matter PDF).
=985  \\$aISSN UK Centre: transfer of responsibility request sent to ISSN Canada 6/10/23 DLW.
=CAT  \\$a6537$b40$c20060324$lBLL01$h1150
=CAT  \\$a6490$b40$c20210426$lBLL01$h1057
=CAT  \\$a8483$b40$c20231005$lBLL01$h0919
=CAT  \\$a10973$b40$c20231006$lBLL01$h1108
=CAT  \\$a10973$b40$c20231006$lBLL01$h1108
=CAT  \\$a10973$b40$c20231006$lBLL01$h1109
=FIN  \\$aY$d20060324
=FMT  \\$a  SE
=LAS  \\$a10973$b40$c20231006$lBLL01$h1109
=LKR  \\$aPAR$b009870458$lBLL01$r78000$mInternational review of Scottish studies$nScottish tradition
=TCO  \\$aCAN$bAccess$c008

