=LDR  05278cas a22011657a 4500
=001  013444244
=003  Uk
=005  20230718132824.0
=007  ta
=008  050525c20049999ch\mr\j\\\\\\\0\\\a0eng\\
=010  \\$a2004243168
=016  7\$a101206716$2DNLM
=022  \\$a1672-9145$y0582-9879
=030  \\$zSHWPAU
=040  \\$aDNLM$beng$cDNLM$dDLC$dDNLM$dOCoLC$dDLC$dOCoLC$dUk
=042  \\$alcd
=050  00$aQH301$b.S48
=060  00$aW1$bSH287P
=082  04$a572.05$222
=210  0\$aActa biochim. biophys. Sin.
=222  \0$aActa biochimica et biophysica Sinica
=245  00$aActa biochimica et biophysica Sinica.
=246  18$aActa biochim. biophys. Sin.
=246  3\$iAlso entitled:$aABBS
=260  \\$aShanghai :$bShanghai Scientific and Technical Publishers,$c2004-
=260  2\$a[Shanghai] :$bBlackwell Publishing Asia
=264  21$aOxford :$bOxford University Press
=264  31$aShanghai :$bActa Biochimica et Biophysica Sinica Editorial Office, CEMCS, CAS
=300  \\$av. :$bill. ;$c28 cm.
=310  \\$aMonthly
=336  \\$atext$2rdacontent
=337  \\$aunmediated$2rdamedia
=338  \\$avolume$2rdacarrier
=362  0\$aVol. 36, no. 1 (Jan. 2004)-
=500  \\$aTitle from cover.
=530  \\$aAlso issued online.
=540  \\$aCurrent copyright fee: GBP22.00$c29\0$5Uk
=550  \\$aSponsored by: Institute of Biochemistry and Cell Biology, Shanghai Institutes for Biological Sciences, Chinese Academy of Sciences.
=588  \\$aLatest issue consulted: volume 54, issue 1 (January 2022) [scans provided by publisher].
=650  \0$aBiochemistry$vPeriodicals.
=650  \0$aBiophysics$vPeriodicals.
=710  2\$aZhongguo ke xue yuan.$bShanghai sheng ming ke xue yan jiu yuan.$bSheng wu hua xue yu xi bao sheng wu xue yan jiu suo.
=776  08$iAlso issued online as:$tActa biochimica et biophysica Sinica (Online)$x1745-7270
=780  00$tSheng wu hua xue yu sheng wu wu li xue bao$x0582-9879
=850  \\$aDL:C$aDNLM
=852  41$aBritish Library$bHMNTS$jZK.9.a.11064$3Vol. 41, issue 1 (2009)-v. 45, issue 12 (2013)***Title now taken as electronic copy
=852  41$aBritish Library$bDSC$j0600.850000$3Vol. 37, no. 1 (2005)-v. 42, no. 12 (2010)
=856  \\$31850-9999$uhttp://ukcatalogue.oup.com/$xBLDSS
=945  \\$aActa Biochimica et Biophysica Sinica -English edition-
=959  \\$fHeld but not currently received
=985  \\$aResponsibility for ISSN taken by ISSN UK from ISSN China, 20.04.07. Update: responsibility transferred from ISSN UK to ISSN China, July 18 2023.
=ACF  \\$aPrevious copyright fee: GBP15.00$c10\0$e07-oct-2005$fGBP15.00$g0$hP$5Uk
=ACF  \\$aPrevious Copyright Fee: GBP22.00$c10\0$e01-jan-2006$fGBP22.00$g0$hP$5Uk
=ACF  \\$aPrevious copyright fee: GBP18.00$c29\0$e01-jan-2009$fGBP18.00$g0$hP$5Uk
=ACF  \\$aPrevious copyright fee: GBP20.00$c29\0$e01-jan-2013$fGBP20.00$g0$hP$5Uk
=ACF  \\$aPrevious copyright fee: GBP23.00$c29\0$e01-jan-2015$fGBP23.00$g0$hP$5Uk
=ACF  \\$aPrevious copyright fee: GBP24.00$c29\0$e01-jan-2016$fGBP24.00$g0$hP$5Uk
=ACF  \\$aPrevious copyright fee: GBP26.00$c29\0$e01-jan-2017$fGBP26.00$g0$hP$5Uk
=ACF  \\$aPrevious copyright fee: GBP27.00$c29\0$e01-jan-2018$fGBP27.00$g0$hP$5Uk
=ACF  \\$aPrevious copyright fee: GBP28.00$c29\0$e01-jan-2019$fGBP28.00$g0$hP$5Uk
=CAT  \\$a8128$b40$c20060405$lBLL01$h1714
=CAT  \\$aBATCH-CLA$b00$c20130526$lBLL01$h1701
=CAT  \\$a5997$b40$c20140115$lBLL01$h1232
=CAT  \\$aBATCH-CLA$b00$c20140125$lBLL01$h1316
=CAT  \\$aBATCH-CLA$c20140225$lBLL01$h2326
=CAT  \\$a5110$b40$c20140729$lBLL01$h0937
=CAT  \\$aBATCH-UPD$b40$c20141124$lBLL01$h1810
=CAT  \\$aBLDSS-3PM$b00$c20141208$lBLL01$h1625
=CAT  \\$aIPL-CLA$c20141231$lBLL01$h1654
=CAT  \\$aBATCH-UPD$b00$c20151119$lBLL01$h1551
=CAT  \\$aIPL-CLA$c20151231$lBLL01$h1924
=CAT  \\$aBATCH-UPD$b00$c20160413$lBLL01$h1820
=CAT  \\$aBATCH-UPD$b00$c20160524$lBLL01$h2210
=CAT  \\$aBATCH-UPD$b00$c20160525$lBLL01$h0024
=CAT  \\$aBATCH-UPD$b00$c20161122$lBLL01$h1521
=CAT  \\$aIPL-CLA$c20161230$lBLL01$h2155
=CAT  \\$aBATCH-UPD$b00$c20171121$lBLL01$h1704
=CAT  \\$a10806$b40$c20171124$lBLL01$h1554
=CAT  \\$aIPL-CLA$c20171231$lBLL01$h1653
=CAT  \\$aBATCH-UPD$b00$c20181217$lBLL01$h1652
=CAT  \\$aIPL-CLA$c20181231$lBLL01$h1544
=CAT  \\$aR1911-1518$c20191206$lBLL01$h1419
=CAT  \\$aIPL-CLA$c20191231$lBLL01$h1939
=CAT  \\$aBATCH-UPD$b00$c20220308$lBLL01$h1734
=CAT  \\$aIPL-CLA$c20220331$lBLL01$h1952
=CAT  \\$aBATCH-SUPP$c20230426$lBLL01$h1108
=CAT  \\$a11313$b40$c20230718$lBLL01$h1327
=CAT  \\$a11313$b40$c20230718$lBLL01$h1328
=CFI  0\$aCurrent copyright fee: GBP22.00$c29\0$e01-apr-2022$fGBP22.00$g0$hP$5Uk
=CFI  2\$aPrevious Copyright Fee: GBP20.00$c29\0$e01-jan-2020$fGBP20.00$g0$hP$5Uk
=FFP  \\$aY$bBLDSS-3PM
=FIN  \\$aY$d20060405
=FMT  \\$a  SE
=LAS  \\$a11313$b40$c20230718$lBLL01$h1328
=LKR  \\$aPAR$b009184762$lBLL01$r78000$mActa biochimica et biophysica Sinica.$nShengwu huaxue ye shengwu wuii xuebao
=SID  \\$aZ39$bLOC
=TCO  \\$aZZZ$c008
=TCO  \\$aCLA$bCLA$c008
=TOC  \\$aETOC
=UNO  \\$aY

