=LDR  01968cas a2200553 i 4500
=001  013457633
=003  Uk
=005  20230612133222.0
=006  m\\\\\\\\d\|\\\\\\
=007  cr||||||||||||
=008  060427c20069999enkmr\j\s\\\\\0\\\a0eng\\
=022  \\$a1751-231X
=037  \\$a???$bIWA Publishing
=040  \\$aUk$beng$cUk$erda
=042  \\$aukblsr
=082  04$a628.205$223
=210  0\$aWater pract. technol.
=222  \0$aWater practice and technology
=245  00$aWater practice and technology.
=264  \1$aLondon :$bIWA Publishing,$c2006-
=310  \\$aMonthly,$b2022-
=321  \\$aQuarterly,$b2006-2021
=336  \\$atext$2rdacontent
=337  \\$acomputer$2rdamedia
=338  \\$aonline resource$2rdacarrier
=362  0\$aVolume 1, issue 1 (March 2006)-
=500  \\$aTitle from table of contents page (IWA Publishing, viewed June 12, 2023).
=588  \\$aLatest issue consulted: volume 18, issue 5 (1 May, 2023).
=650  \7$aSewerage.$2fast$0(OCoLC)fst01114083
=650  \7$aSewerage$xManagement.$2fast$0(OCoLC)fst01114105
=650  \7$aWater-supply.$2fast$0(OCoLC)fst01172350
=650  \7$aWater-supply engineering.$2fast$0(OCoLC)fst01172443
=655  \7$aPeriodicals.$2fast$0(OCoLC)fst01411641
=710  2\$aIWA Publishing,$epublisher.
=852  41$aBritish Library$bHMNTS$jELD Digital store$3Volume 17:Issue 1(2022)-
=856  4\$uhttps://iwaponline.com/wpt
=859  \\$aELD$bejournal
=985  \\$aResponsibility for ISSN transferred to the International Centre from ISSN UK, 26/11/07
=CAT  \\$a11439$b40$c20060427$lBLL01$h1652
=CAT  \\$a11439$b40$c20060427$lBLL01$h1655
=CAT  \\$a6537$b40$c20061202$lBLL01$h1045
=CAT  \\$a6537$b40$c20071126$lBLL01$h1012
=CAT  \\$a10983$b40$c20221022$lBLL01$h1035
=CAT  \\$a11205$b40$c20230612$lBLL01$h1332
=FIN  \\$aY$d20061202
=FMT  \\$a  SE
=LAS  \\$a11205$b40$c20230612$lBLL01$h1332
=MNI  \\$a1751-231X
=TCO  \\$aCLA$bCLA$c008

