=LDR  03841cas a2200913 a 4500
=001  013460181
=003  Uk
=005  20211231154337.0
=007  ta
=008  060503c20079999xxuar\p\\\\\\\0\\\a0eng\\
=015  \\$aGBA807450$2bnb
=022  0\$a1751-2395
=040  \\$aUk$beng$cUk$dUk
=042  \\$aukblsr
=082  04$a361.6105$222
=222  \0$aSocial issues and policy review$b(Print)
=245  00$aSocial issues and policy review.
=260  \\$aMalden, MA ;$aOxford :$bBlackwell, for the Society for the Psychological Study of Social Issues,$c2007-
=264  31$a[Hoboken, NJ :$bJohn Wiley & Sons, Inc.]
=300  \\$av. ;$c23 cm.
=310  \\$aAnnual
=336  \\$atext$2rdacontent
=337  \\$aunmediated$2rdamedia
=338  \\$avolume$2rdacarrier
=362  0\$aVol. 1, no. 1 (Dec. 2007)-
=540  \\$aCurrent copyright fee: GBP39.00$c35\0$5Uk
=650  \0$aSocial problems$vPeriodicals.
=650  \0$aSocial psychology$vPeriodicals.
=650  \0$aSocial policy$xPsychological aspects$vPeriodicals.
=650  \0$aSociology$xPsychological aspects$vPeriodicals.
=690  7\$aSocial Welfare$2blcoll
=710  2\$aSociety for the Psychological Study of Social Issues.
=776  08$iAlso issued online as:$tSocial issues and policy review (Online)$x1751-2409
=852  41$aBritish Library$bDSC$j8318.116990$3Vol. 1 (2007)-v. 3 (2009)***UKRR Retained Title
=856  \\$31850-9999$uhttp://onlinelibrary.wiley.com/$xBLDSS
=945  \\$aSocial issues and policy review
=959  \\$fHeld but not currently received
=985  \\$aISSN responsibility taken by US ISSN Center (multinational publisher agreement), April 10 2014.
=ACF  \\$aPrevious Copyright Fee: GBP16.00$c10\0$e01-jan-2006$fGBP16.00$g0$hP$5Uk
=ACF  \\$aPrevious copyright fee: GBP17.00$c10\0$e01-jan-2009$fGBP17.00$g0$hP$5Uk
=ACF  \\$aPrevious copyright fee: GBP22.00$c10\0$e01-jan-2011$fGBP22.00$g0$hP$5Uk
=ACF  \\$aPrevious copyright fee: GBP24.00$c10\0$e01-mar-2015$fGBP24.00$g0$hP$5Uk
=ACF  \\$aPrevious copyright fee: GBP24.00$c35\0$e07-mar-2017$fGBP24.00$g0$hP$5Uk
=ACF  \\$aPrevious copyright fee: GBP28.00$c35\0$e01-jan-2019$fGBP28.00$g0$hP$5Uk
=CAT  \\$a11313$b40$c20060503$lBLL01$h1009
=CAT  \\$aBATCH-CLA$b00$c20121109$lBLL01$h1727
=CAT  \\$aBATCH-CLA$b00$c20140125$lBLL01$h1320
=CAT  \\$aBATCH-CLA$c20140225$lBLL01$h2326
=CAT  \\$a11205$b40$c20140331$lBLL01$h1640
=CAT  \\$a11205$b40$c20140331$lBLL01$h1713
=CAT  \\$a11313$b40$c20140410$lBLL01$h1121
=CAT  \\$a11313$b40$c20140410$lBLL01$h1124
=CAT  \\$a11313$b40$c20140410$lBLL01$h1126
=CAT  \\$aWR14_140$c20140905$lBLL01$h1811
=CAT  \\$aBLDSS-3PM$b00$c20141214$lBLL01$h1523
=CAT  \\$aBATCH-UPD$b00$c20150215$lBLL01$h1627
=CAT  \\$aIPL-CLA$c20150228$lBLL01$h2050
=CAT  \\$aBATCH-UPD$b00$c20160413$lBLL01$h1820
=CAT  \\$aBATCH-UPD$b00$c20170302$lBLL01$h1832
=CAT  \\$aW1703-0316$c20170306$lBLL01$h1825
=CAT  \\$aW1703-0316$c20170307$lBLL01$h1648
=CAT  \\$aIPL-CLA$c20170307$lBLL01$h1824
=CAT  \\$aBATCH-UPD$b00$c20180219$lBLL01$h1748
=CAT  \\$aBATCH-UPD$b00$c20181121$lBLL01$h1622
=CAT  \\$aIPL-CLA$c20181231$lBLL01$h1544
=CAT  \\$aR1911-0245$c20191127$lBLL01$h0823
=CAT  \\$aR1911-0245$c20191127$lBLL01$h1045
=CAT  \\$aIPL-CLA$c20191231$lBLL01$h1939
=CAT  \\$aW2111-0842$c20211208$lBLL01$h1942
=CAT  \\$aIPL-CLA$c20211231$lBLL01$h1543
=CFI  0\$aCurrent copyright fee: GBP39.00$c35\0$e01-jan-2022$fGBP39.00$g0$hP$5Uk
=CFI  2\$aPrevious Copyright Fee: GBP32.00$c35\0$e01-jan-2020$fGBP32.00$g0$hP$5Uk
=FFP  \\$aY$bBLDSS-3PM
=FIN  \\$aY$d20080117
=FMT  \\$a  SE
=LAS  \\$aIPL-CLA$b00$c20211231$lBLL01$h1543
=TCO  \\$aCLA$bCLA$c008
=TOC  \\$aETOC
=UNO  \\$aY

