=LDR  03871cas a2200901 a 4500
=001  013473321
=003  Uk
=005  20221231212312.0
=007  ta
=008  060519c20059999njutr\p\\\\\\\0\\\a0eng\\
=015  \\$aGBA686861$2bnb
=022  0\$a1751-4606
=040  \\$aUk$beng$cUk$dUk
=042  \\$aukblsr
=082  04$a791.437505$222
=222  \0$aCinema retro
=245  00$aCinema retro :$bthe essential guide to movies of the '60's & 70's.
=260  \\$aChristchurch, Dorset :$bSolo Publishing,$c[2005]-
=264  31$aDunellen NJ, USA :$bCinema Retro, Inc.
=300  \\$av. :$bill. (chiefly col.), ports. (chiefly col.) ;$c30 cm.
=310  \\$aThree times yearly
=336  \\$atext$2rdacontent
=337  \\$aunmediated$2rdamedia
=338  \\$avolume$2rdacarrier
=362  1\$aBegan in 2005.
=500  \\$aDescription based on: Vol. 2, issue 5 (2006).
=540  \\$aCurrent Copyright Fee: GBP25.00$c0$5Uk
=588  \\$aLatest issue consulted: volume 12, issue 35 (2016).
=595  \\$aSee card index
=650  \0$aMotion pictures$vPeriodicals.
=650  \0$aMotion picture actors and actresses$vPeriodicals.
=650  \0$aMotion picture producers and directors$vPeriodicals.
=770  0\$tCinema retro. "Movie classics" special edition
=852  41$aBritish Library$bHMNTS$jZK.9.b.24251$3Volume 1, Issue 1(2005)-
=945  \\$aCinema retro
=979  \\$aBritish Library$bDSC$j3198.640525N$xDSC Not Selected
=985  \\$aResponsibility for ISSN transferred to US ISSN Center from ISSN UK Centre, May 27, 2016.
=ACF  \\$aPrevious copyright fee: GBP9.00$c0$e01-apr-2010$fGBP9.00$g0$hA$5Uk
=ACF  \\$aPrevious copyright fee: GBP6.00$c0$e01-apr-2008$fGBP6.00$g0$hA$5Uk
=ACF  \\$aPrevious Copyright Fee: GBP5.00$c0$e20-jul-2006$fGBP5.00$g0$hA$5Uk
=ACF  \\$aPrevious copyright fee: GBP10.50$c0$e01-jan-2011$fGBP10.50$g0$hA$5Uk
=ACF  \\$aPrevious copyright fee: GBP12.00$c0$e01-jan-2012$fGBP12.00$g0$hA$5Uk
=ACF  \\$aPrevious Copyright Fee: GBP12.30$c0$e01-jan-2014$fGBP12.30$g0$hA$5Uk
=ACF  \\$aPrevious Copyright Fee: GBP15.00$c0$e01-jan-2017$fGBP15.00$g0$hA$5Uk
=ACF  \\$aPrevious Copyright Fee: GBP17.50$c0$e01-jan-2018$fGBP17.50$g0$hA$5Uk
=ACF  \\$aPrevious Copyright Fee: GBP20.00$c0$e01-jan-2020$fGBP20.00$g0$hA$5Uk
=CAT  \\$a11439$b40$c20060519$lBLL01$h1646
=CAT  \\$aBATCH$b00$c20100401$lBLL01$h1633
=CAT  \\$a10973$b40$c20100415$lBLL01$h1319
=CAT  \\$a10973$b40$c20100420$lBLL01$h1205
=CAT  \\$aBATCH-UPD$b40$c20101124$lBLL01$h1947
=CAT  \\$aBATCH-UPD$b40$c20101125$lBLL01$h1213
=CAT  \\$aIPL-CLA$c20101231$lBLL01$h1519
=CAT  \\$aWR11_203$c20111204$lBLL01$h1510
=CAT  \\$aIPL-CLA$c20111230$lBLL01$h2024
=CAT  \\$aBATCH-CLA$b00$c20121109$lBLL01$h1727
=CAT  \\$aBATCH-CLA$c20131220$lBLL01$h2038
=CAT  \\$aIPL-CLA$c20140101$lBLL01$h0004
=CAT  \\$aWR14_140$c20140905$lBLL01$h1811
=CAT  \\$a11205$b40$c20160523$lBLL01$h1645
=CAT  \\$a10973$b40$c20160527$lBLL01$h1547
=CAT  \\$aBATCH-CLA$b00$c20161222$lBLL01$h1810
=CAT  \\$aIPL-CLA$c20161230$lBLL01$h2157
=CAT  \\$aBATCH-CLA$b00$c20171222$lBLL01$h2132
=CAT  \\$aIPL-CLA$c20171231$lBLL01$h1655
=CAT  \\$aBATCH-CLA$b00$c20191219$lBLL01$h1736
=CAT  \\$aIPL-CLA$c20191231$lBLL01$h1939
=CAT  \\$aR2001-1524$c20200127$lBLL01$h2017
=CAT  \\$aBATCH-CLA$b00$c20201204$lBLL01$h1538
=CAT  \\$aIPL-CLA$c20201231$lBLL01$h2211
=CAT  \\$aBATCH-CLA$b00$c20221221$lBLL01$h1848
=CAT  \\$aIPL-CLA$c20221231$lBLL01$h2123
=CFI  0\$aCurrent Copyright Fee: GBP25.00$c0$e01-jan-2023$fGBP25.00$g0$hA$5Uk
=CFI  2\$aPrevious Copyright Fee: GBP22.50$c0$e01-jan-2021$fGBP22.50$g0$hA$5Uk
=FIN  \\$aY$d20060519
=FMT  \\$a  SE
=LAS  \\$aIPL-CLA$b00$c20221231$lBLL01$h2123
=TCO  \\$aCLA$bCLA$c008

