=LDR  04816cas a2201105 a 4500
=001  013497607
=003  Uk
=005  20230511162915.0
=006  m\\\\\\\\d\\\\\\\\
=007  cr\|||||||||||
=008  090128c20039999enk\x\pss\\\\\0\\\a0eng\\
=010  \\$a2009247754
=015  \\$aGBB0D2037$2bnb
=022  \\$a1897-4287$y1731-2302
=035  \\$a(OCoLC)300074694
=037  \\$a???$bBioMed Central
=040  \\$aPFM$cPFM$dPFM$dTXA$dOCLCQ$dUk
=042  \\$aukblsr
=082  04$a616.994042$223
=210  0\$aHereditary cancer clin. pract.
=222  \0$aHereditary cancer in clinical practice$b(Online)
=245  00$aHereditary cancer in clinical practice$h[electronic resource].
=260  \\$aPoznań :$b"Termedia"
=260  3\$32009-$aLondon :$bBioMed Central
=310  \\$aIrregular
=321  \\$aQuarterly
=336  \\$atext$2rdacontent
=337  \\$acomputer$2rdamedia
=338  \\$aonline resource$2rdacarrier
=362  1\$aPrint began with: Vol. 1.1 (2003).
=500  \\$aDescription based on print record.
=500  \\$aLatest issue consulted: 7:3 (26 Jan. 2009) (BioMed Central home page, viewed Jan. 28, 2009).
=515  \\$aArticles added on an individual basis as accepted.
=525  \\$aSupplements accompany some issues.
=540  \\$aCurrent Copyright Fee: zero$c22\1$5Uk
=550  \\$aOfficial journal of the International Hereditary Cancer Center, Pomeranian Medical University.
=550  \\$aPublished under the auspices of International Union Against Cancer.
=650  \0$aCancer$xGenetic aspects$vPeriodicals.
=710  2\$aInternational Hereditary Cancer Center.
=710  2\$aInternational Union against Cancer.
=776  08$iPrint version, -2008:$tHereditary cancer in clinical practice$x1731-2302
=852  41$aBritish Library$bHMNTS$jELD Digital store$3Volume 13:Issue 1(2015)-
=856  \\$31850-9999$uhttp://link.springer.com/$xBLDSS
=856  4\$uhttp://www.termedia.pl
=856  40$uhttp://www.hccpjournal.com/home
=856  40$uhttp://www.ncbi.nlm.nih.gov/pmc/journals/868/
=859  \\$aELD$bejournal
=945  \\$aHereditary cancer in clincal practice
=979  \\$aBritish Library$cDSC$j4298.896000N
=985  \\$a"We are proud to announce the re-launch of Hereditary Cancer in Clinical Practice (HCCP). Moving from a classical printed journal, first published in 2003, to the open access, online format of BioMed Central" - 7:1 (26 Jan 2009)
=985  \\$aLegal Deposit ejournals
=985  \\$aISSN responsibility transfer from Poland to UK in process (Richard, 22/10/15)
=ACF  \\$aPrevious Copyright Fee: GBP15.00$c0$e01-jan-2017$fGBP15.00$g0$hA$5Uk
=ACF  \\$aPrevious copyright fee: GBP9.00$c0$e01-apr-2010$fGBP9.00$g0$hA$5Uk
=ACF  \\$aPrevious copyright fee: GBP6.00$c0$e01-apr-2008$fGBP6.00$g0$hA$5Uk
=ACF  \\$aPrevious copyright fee: GBP5.00$c0$e23-jun-2006$fGBP5.00$g0$hA$5Uk
=ACF  \\$aPrevious copyright fee: GBP10.50$c0$e01-jan-2011$fGBP10.50$g0$hA$5Uk
=ACF  \\$aPrevious copyright fee: GBP12.00$c0$e01-jan-2012$fGBP12.00$g0$hA$5Uk
=ACF  \\$aPrevious Copyright Fee: GBP12.30$c0$e01-jan-2014$fGBP12.30$g0$hA$5Uk
=CAT  \\$a5763$b40$c20060623$lBLL01$h1500
=CAT  \\$a3072$b40$c20101103$lBLL01$h1432
=CAT  \\$aBATCH-UPD$b40$c20101124$lBLL01$h1948
=CAT  \\$aBATCH-UPD$b40$c20101125$lBLL01$h1214
=CAT  \\$aIPL-CLA$c20101231$lBLL01$h1519
=CAT  \\$aWR11_203$c20111204$lBLL01$h1510
=CAT  \\$aIPL-CLA$c20111230$lBLL01$h2025
=CAT  \\$aBATCH-CLA$b00$c20121109$lBLL01$h1726
=CAT  \\$a3072$b40$c20121120$lBLL01$h1022
=CAT  \\$a3072$b40$c20121120$lBLL01$h1137
=CAT  \\$aBATCH-CLA$c20131220$lBLL01$h2038
=CAT  \\$aIPL-CLA$c20140101$lBLL01$h0005
=CAT  \\$aWR14.047$c20140417$lBLL01$h1645
=CAT  \\$a11279$b40$c20140724$lBLL01$h1625
=CAT  \\$a10806$b40$c20151022$lBLL01$h1432
=CAT  \\$a8311$b40$c20151102$lBLL01$h1112
=CAT  \\$aBATCH-CLA$b00$c20161222$lBLL01$h1810
=CAT  \\$aIPL-CLA$c20161230$lBLL01$h2158
=CAT  \\$aW1711-1005$c20171206$lBLL01$h1819
=CAT  \\$aBATCH-CLA$b00$c20171222$lBLL01$h2132
=CAT  \\$aIPL-CLA$c20171231$lBLL01$h1655
=CAT  \\$a5552$b40$c20190118$lBLL01$h1244
=CAT  \\$aBATCH-UPD$b40$c20190123$lBLL01$h0053
=CAT  \\$aBLDSS-3PM$b00$c20190130$lBLL01$h1513
=CAT  \\$aBATCH-UPD$b00$c20190130$lBLL01$h1515
=CAT  \\$aBATCH-FIX$c20230511$lBLL01$h1629
=CFI  0\$aCurrent copyright fee: zero$c22\1$e18-jan-2019$fGBP0.00$g0$hP$5Uk
=CFI  2\$aPrevious Copyright Fee: GBP17.50$c0$e01-jan-2018$fGBP17.50$g0$hA$5Uk
=FFP  \\$aY$bBLDSS-3PM
=FIN  \\$aY$d20101103
=FMT  \\$a  SE
=LAS  \\$aBATCH-FIX$b00$c20230511$lBLL01$h1629
=SID  \\$aZ39$bOCLC
=TCO  \\$aCLA$bCLA$c008
=TOC  \\$aETOC
=UNO  \\$aY

