=LDR  01495 as a2200445 a 4500
=001  013514562
=003  Uk
=005  20070226122952.0
=007  ta
=008  060721c20069999enkqr\p\\\\\\\0\\\a0eng\\
=015  \\$aGBA713634$2bnb
=022  0\$a1751-9624
=040  \\$aUk$beng$cUk
=042  \\$aukblsr
=082  04$a797.3$222
=222  \0$aKiteboard Pro World Tour mag
=245  00$aKiteboard Pro World Tour mag :$bKPWT.
=246  3\$aKPWT mag
=260  \\$aCape Town :$bKPWT Magazine ;$aLondon :$bOdyssey Publisher Services [distributor,$c2006]-
=300  \\$av. :$bcol. ill., col. ports. ;$c29 cm.
=310  \\$aQuarterly
=336  \\$atext$2rdacontent
=337  \\$aunmediated$2rdamedia
=338  \\$avolume$2rdacarrier
=362  0\$aVol. 01, issue 01-
=611  20$aKiteboard Pro World Tour$vPeriodicals.
=650  \0$aKite surfing$vPeriodicals.
=711  2\$aKiteboard Pro World Tour
=852  41$aBritish Library$bHMNTS$jESC.9.b.86$3Volume 1, Issue 1(2007)
=985  \\$aISSN UK Centre - South African publication, ISSN responsibility taken by ISSN IC Centre 16/2/07
=CAT  \\$a11313$b40$c20060721$lBLL01$h0915
=CAT  \\$a11316$b40$c20070215$lBLL01$h1149
=CAT  \\$a11316$b40$c20070219$lBLL01$h0904
=CAT  \\$a11187$b40$c20070220$lBLL01$h1046
=CAT  \\$a12179$b40$c20070226$lBLL01$h1229
=CAT  \\$aWR14_140$c20140905$lBLL01$h1812
=FIN  \\$aY$d20070220
=FMT  \\$a  SE
=LAS  \\$aWR14_140$b00$c20140905$lBLL01$h1812
=TCO  \\$aCLA$bCLA$c008

