=LDR  01702cas a2200529 a 4500
=001  013530183
=003  Uk
=005  20091112130519.0
=007  ta
=008  060814c20079999sz\fr\p\\\\\\\0\\\a0eng\\
=015  \\$aGBA899886$2bnb
=022  0\$a1752-1955
=040  \\$aUk$beng$cUk$dUk
=041  0\$aeng$bfre
=082  04$a391.6505$222
=222  \0$aSang bleu
=245  00$aSang bleu.
=246  13$aSang bleu tattoo journal
=260  \\$aLondon :$bSang Bleu
=260  3\$32009-$aLausanne :$bSang Bleu
=300  \\$av. :$bill. (some col.), ports. ;$c38 cm.
=310  \\$aSemiannual
=336  \\$atext$2rdacontent
=337  \\$aunmediated$2rdamedia
=338  \\$avolume$2rdacarrier
=362  0\$aIssue 0-
=546  \\$aSome articles in French.
=650  \0$aTattoo artists$vPeriodicals.
=650  \0$aTattooed people$vPeriodicals.
=650  \0$aTattooing$vPeriodicals.
=852  41$aBritish Library$bHMNTS$jRH.9.x.1773$32007
=985  \\$aResponsibility for ISSN transferred to ISSN Switzerland from ISSN UK Centre, 12.11.2009
=CAT  \\$a6537$b40$c20060814$lBLL01$h1220
=CAT  \\$a6537$b40$c20070524$lBLL01$h1015
=CAT  \\$a11316$b40$c20071207$lBLL01$h0818
=CAT  \\$a11316$b40$c20071207$lBLL01$h0819
=CAT  \\$a11316$b40$c20080807$lBLL01$h1131
=CAT  \\$a11316$b40$c20080807$lBLL01$h1132
=CAT  \\$a11316$b40$c20080815$lBLL01$h0959
=CAT  \\$a11313$b40$c20091112$lBLL01$h1257
=CAT  \\$a11313$b40$c20091112$lBLL01$h1258
=CAT  \\$a11313$b40$c20091112$lBLL01$h1305
=CAT  \\$aWR14_140$c20140905$lBLL01$h1812
=FIN  \\$aY$d20080815
=FMT  \\$a  SE
=LAS  \\$aWR14_140$b00$c20140905$lBLL01$h1812
=TCO  \\$aCHE$bPRO LITTERIS$c008

