=LDR  01659aas a2200469 a 4500
=001  013550383
=003  Uk
=005  20080815075757.0
=007  ta
=008  060911c20079999ja\fr\p\\\\\\\0\\\a0eng\\
=015  \\$aGBA782784$2bnb
=022  0\$a1752-3389
=040  \\$aUk$beng$cUk
=042  \\$aukblsr
=082  04$a633.88$222
=210  0\$aMed. aromat. plant sci. biotechnol.
=222  \0$aMedicinal and aromatic plant science and biotechnology
=245  00$aMedicinal and aromatic plant science and biotechnology.
=260  \\$aIsleworth :$bGlobal Science Books,$c2007-
=300  \\$av. :$bill. (some col.) ;$c30 cm.
=310  \\$aSemiannual
=336  \\$atext$2rdacontent
=337  \\$aunmediated$2rdamedia
=338  \\$avolume$2rdacarrier
=362  0\$aVol. 1, no. 1 (2007)-
=500  \\$aPublication transferred to Takamatsu, Japan.
=650  \0$aMedicinal plants$vPeriodicals.
=650  \0$aAromatic plants$vPeriodicals.
=650  \0$aMedicinal plants$xBiotechnology$vPeriodicals.
=650  \0$aAromatic plants$xBiotechnology$vPeriodicals.
=852  11$aBritish Library$bSTI$k(P)$h633.88$m-E(1)$3Vol. 1, no. 1 (2007)-v. 1, no. 2 (2007)
=985  \\$aResponsibility for ISSN transferred to Japanese Centre from ISSN UK, 15.08.08
=CAT  \\$a11439$b40$c20060911$lBLL01$h1032
=CAT  \\$a11316$b40$c20070907$lBLL01$h0900
=CAT  \\$a3072$b40$c20071011$lBLL01$h1646
=CAT  \\$a6537$b40$c20080815$lBLL01$h0747
=CAT  \\$a6537$b40$c20080815$lBLL01$h0757
=CAT  \\$aWR14_140$c20140905$lBLL01$h1812
=FIN  \\$aY$d20070907
=FMT  \\$a  SE
=LAS  \\$aWR14_140$b00$c20140905$lBLL01$h1812
=TCO  \\$aJPN$bJAACC$c008

