=LDR  01691 as a2200493 a 4500
=001  013550444
=003  Uk
=005  20080815075551.0
=007  ta
=008  060911c20079999ja\fr\p\\\\\\\0\\\a0eng\\
=015  \\$aGBA869876$2bnb
=022  0\$a1752-3443
=040  \\$aUk$beng$cUk
=042  \\$aukblsr
=082  04$a635.934405$222
=210  0\$aOrch. sci. biotechnol.
=222  \0$aOrchid science and biotechnology
=245  00$aOrchid science and biotechnology.
=260  \\$aIsleworth :$bGlobal Science Books,$c2007-
=300  \\$av. :$bill. (some col.), maps (some col.) ;$c30 cm.
=310  \\$aSemi-annual
=336  \\$atext$2rdacontent
=337  \\$aunmediated$2rdamedia
=338  \\$avolume$2rdacarrier
=362  0\$aVol. 1, no. 1 (2007)-
=500  \\$aPublication transferred to Takamatsu, Japan.
=515  \\$aVol. 1, nos. 1 and 2 issued together.
=650  \0$aOrchid culture$vPeriodicals.
=650  \0$aOrchids$xBiotechnology$vPeriodicals.
=852  11$aBritish Library$bSTI$k(P)$h635.9344$m-E(1)$3Vol. 1, no. 1/2 (2007)
=985  \\$aResponsibility for ISSN transferred to Japanese Centre from ISSN UK, 15.08.08
=CAT  \\$a11439$b40$c20060911$lBLL01$h1056
=CAT  \\$a11439$b40$c20060911$lBLL01$h1139
=CAT  \\$a6537$b40$c20070723$lBLL01$h0952
=CAT  \\$a6971$b40$c20070925$lBLL01$h1306
=CAT  \\$a6537$b40$c20080502$lBLL01$h1224
=CAT  \\$a11315$b40$c20080521$lBLL01$h1425
=CAT  \\$a6537$b40$c20080815$lBLL01$h0749
=CAT  \\$a6537$b40$c20080815$lBLL01$h0755
=CAT  \\$aWR14_140$c20140905$lBLL01$h1812
=FIN  \\$aY$d20080502
=FMT  \\$a  SE
=LAS  \\$aWR14_140$b00$c20140905$lBLL01$h1812
=TCO  \\$aJPN$bJAACC$c008

