=LDR  03947cas a2200925 a 4500
=001  013550720
=003  Uk
=005  20221231144751.0
=007  ta
=008  060911d2007200uja\fr\p\\\\\\\0\\\a0eng\\
=015  \\$aGBA869846$2bnb
=022  0\$a1752-3907
=040  \\$aUk$beng$cUk
=042  \\$aukblsr
=082  04$a580.5$222
=210  0\$aMiddle East. Russ. j. plant sci. biotechnol.
=222  \0$aMiddle Eastern and Russian journal of plant science and biotechnology
=245  00$aMiddle Eastern and Russian journal of plant science and biotechnology.
=260  \\$aIsleworth :$bGlobal Science Books,$c2007-
=300  \\$av. :$bcol. ill. ;$c30 cm.
=310  \\$aSemiannual
=336  \\$atext$2rdacontent
=337  \\$aunmediated$2rdamedia
=338  \\$avolume$2rdacarrier
=362  0\$aVol. 1, No. 1 & 2 (2007)
=362  1\$aceased in (2009)?
=500  \\$aPublication transferred to Takamatsu, Japan.
=540  \\$aCurrent Copyright Fee: GBP25.00$c0$5Uk
=650  \0$aBotany$zMiddle East$vPeriodicals.
=650  \0$aPlant biotechnology$zMiddle East$vPeriodicals.
=650  \0$aBotany$zRussia$vPeriodicals.
=650  \0$aPlant biotechnology$zRussia$vPeriodicals.
=650  \0$aBotany$vPeriodicals.
=650  \0$aPlant biotechnology$vPeriodicals.
=852  11$aBritish Library$bSTI$k(P)$h580.5$m-E(4)$3Vol. 1, no. 1/2 (2007)
=852  41$aBritish Library$bDSC$j5761.404425$3Vol. 1, no. 1/2 (2007)-v. 3, no. 1 (2009)
=945  \\$aMiddle Eastern and Russian journal of plant science and biotechnology
=959  \\$fHeld but not currently received
=985  \\$aResponsibility for ISSN transferred to Japanese Centre from ISSN UK, 15.08.08
=ACF  \\$aPrevious copyright fee: GBP9.00$c0$e10-feb-2010$fGBP9.00$g0$hA$5Uk
=ACF  \\$aCurrent copyright fee: GBP6.00$c0$e04-aug-2008$fGBP6.00$g0$hA$5Uk
=ACF  \\$aPrevious copyright fee: GBP10.50$c0$e01-jan-2011$fGBP10.50$g0$hA$5Uk
=ACF  \\$aPrevious copyright fee: GBP12.00$c0$e01-jan-2012$fGBP12.00$g0$hA$5Uk
=ACF  \\$aPrevious Copyright Fee: GBP12.30$c0$e01-jan-2014$fGBP12.30$g0$hA$5Uk
=ACF  \\$aPrevious Copyright Fee: GBP15.00$c0$e01-jan-2017$fGBP15.00$g0$hA$5Uk
=ACF  \\$aPrevious Copyright Fee: GBP17.50$c0$e01-jan-2018$fGBP17.50$g0$hA$5Uk
=ACF  \\$aPrevious Copyright Fee: GBP20.00$c0$e01-jan-2020$fGBP20.00$g0$hA$5Uk
=CAT  \\$a11439$b40$c20060911$lBLL01$h1307
=CAT  \\$a10921$b40$c20100212$lBLL01$h1214
=CAT  \\$aCDS11-UPD$b40$c20100711$lBLL01$h2151
=CAT  \\$aCDS11-UPD$b40$c20100711$lBLL01$h2207
=CAT  \\$aBATCH-UPD$b40$c20101124$lBLL01$h1948
=CAT  \\$aBATCH-UPD$b40$c20101125$lBLL01$h1214
=CAT  \\$aIPL-CLA$c20101231$lBLL01$h1520
=CAT  \\$a7792$b40$c20111025$lBLL01$h1147
=CAT  \\$aWR11_203$c20111204$lBLL01$h1511
=CAT  \\$aIPL-CLA$c20111230$lBLL01$h2025
=CAT  \\$a7778$b40$c20121109$lBLL01$h1226
=CAT  \\$aBATCH-CLA$b00$c20121109$lBLL01$h1726
=CAT  \\$aBATCH-CLA$c20131220$lBLL01$h2039
=CAT  \\$aIPL-CLA$c20140101$lBLL01$h0008
=CAT  \\$aWR14_140$c20140905$lBLL01$h1812
=CAT  \\$aBATCH-CLA$b00$c20161222$lBLL01$h1811
=CAT  \\$aIPL-CLA$c20161230$lBLL01$h2202
=CAT  \\$aBATCH-CLA$b00$c20171222$lBLL01$h2133
=CAT  \\$aIPL-CLA$c20171231$lBLL01$h1658
=CAT  \\$aBATCH-CLA$b00$c20191219$lBLL01$h1737
=CAT  \\$aIPL-CLA$c20191231$lBLL01$h1941
=CAT  \\$aR2001-1524$c20200127$lBLL01$h2018
=CAT  \\$aBATCH-CLA$b00$c20201204$lBLL01$h1539
=CAT  \\$aIPL-CLA$c20201231$lBLL01$h1530
=CAT  \\$aBATCH-CLA$b00$c20221221$lBLL01$h1849
=CAT  \\$aIPL-CLA$c20221231$lBLL01$h1447
=CFI  0\$aCurrent Copyright Fee: GBP25.00$c0$e01-jan-2023$fGBP25.00$g0$hA$5Uk
=CFI  2\$aPrevious Copyright Fee: GBP22.50$c0$e01-jan-2021$fGBP22.50$g0$hA$5Uk
=FIN  \\$aY$d20080502
=FMT  \\$a  SE
=LAS  \\$aIPL-CLA$b00$c20221231$lBLL01$h1447
=TCO  \\$aJPN$bJAACC$c008
=TOC  \\$aETOC

