=LDR  03045cas a2200721 a 4500
=001  013561981
=003  Uk
=005  20211231154345.0
=007  ta
=008  060926c20069999ne\uu\m\\\\\\\0\\\a0eng\\
=022  0\$a2212-1609
=040  \\$aUk$beng$cUk
=082  04$a387.71$222
=222  \0$aAdvances in airline economics
=245  00$aAdvances in airline economics.
=260  \\$aAmsterdam ;$aOxford :$bElsevier,$c2006-
=300  \\$av. :$bill. ;$c25 cm.
=336  \\$atext$2rdacontent
=337  \\$aunmediated$2rdamedia
=338  \\$avolume$2rdacarrier
=540  \\$aCurrent copyright fee: GBP34.30$c5\1$5Uk
=650  \0$aAirlines$xEconomic aspects.
=650  \0$aAeronautics, Commercial$xEconomic aspects.
=852  41$aBritish Library$bDSC$j0698.380000$3Vol. 1 (2006)-v. 2 (2007)
=856  \\$31850-9999$uhttp://www.elsevier.com/journals$xBLDSS
=945  \\$aAdvances in airline economics
=959  \\$fHeld but not currently received
=985  \\$aISSN UK: Change of publisher from Elsevier to Emerald due with Vol. 3 (2012). Need to pursue change of responsibility from Netherlands to UK when received (Richard Brown, ISSN UK Centre, 10/08/11)
=ACF  \\$aPrevious Copyright Fee: GBP18.00$c5\1$e26-sep-2006$fGBP18.00$g0$hP$5Uk
=ACF  \\$aPrevious copyright fee: GBP20.00$c5\1$e09-oct-2009$fGBP20.00$g0$hP$5Uk
=ACF  \\$aPrevious copyright fee: GBP21.00$c5\1$e01-jan-2012$fGBP21.00$g0$hP$5Uk
=ACF  \\$aPrevious copyright fee: GBP22.50$c5\1$e01-jan-2013$fGBP22.50$g0$hP$5Uk
=ACF  \\$aPrevious copyright fee: GBP23.40$c5\1$e01-jan-2018$fGBP23.40$g0$hP$5Uk
=CAT  \\$a6738$b40$c20060926$lBLL01$h1254
=CAT  \\$a5867$b40$c20060928$lBLL01$h1107
=CAT  \\$a8153$b40$c20060928$lBLL01$h1432
=CAT  \\$a10775$b40$c20070921$lBLL01$h0743
=CAT  \\$a5552$b40$c20091009$lBLL01$h1339
=CAT  \\$a8201$b40$c20100913$lBLL01$h0850
=CAT  \\$aCDS12-UPD$b40$c20110711$lBLL01$h1853
=CAT  \\$a10806$b40$c20110810$lBLL01$h1027
=CAT  \\$aBATCH-UPD$b40$c20111123$lBLL01$h1853
=CAT  \\$aIPL-CLA$c20111230$lBLL01$h2025
=CAT  \\$aBATCH-CLA$b00$c20121109$lBLL01$h1726
=CAT  \\$aBATCH-UPD$b00$c20121121$lBLL01$h1658
=CAT  \\$aIPL-CLA$c20121231$lBLL01$h1321
=CAT  \\$aIPL-CLA$c20130102$lBLL01$h1748
=CAT  \\$aBLDSS-3PM$b00$c20141222$lBLL01$h1715
=CAT  \\$aBATCH-UPD$b00$c20171121$lBLL01$h1746
=CAT  \\$aBATCH-UPD$b00$c20171122$lBLL01$h0002
=CAT  \\$aIPL-CLA$c20171231$lBLL01$h1658
=CAT  \\$aBATCH-UPD$b00$c20190521$lBLL01$h1438
=CAT  \\$aIPL-CLA$c20190630$lBLL01$h1536
=CAT  \\$aBATCH-UPD$b00$c20211119$lBLL01$h1555
=CAT  \\$aIPL-CLA$c20211231$lBLL01$h1543
=CFI  0\$aCurrent copyright fee: GBP34.30$c5\1$e01-jan-2022$fGBP34.30$g0$hP$5Uk
=CFI  2\$aPrevious copyright fee: GBP32.84$c5\1$e01-jul-2019$fGBP32.84$g0$hP$5Uk
=FFP  \\$aY$bBLDSS-3PM
=FIN  \\$aY$d20100913
=FMT  \\$a  SE
=LAS  \\$aIPL-CLA$b00$c20211231$lBLL01$h1543
=TCO  \\$aNLD$bSTICHTING REPRORECHT$c008
=TOC  \\$aETOC

