=LDR  04930cas a2201105 a 4500
=001  013588058
=003  Uk
=005  20211231154347.0
=006  m\\\\\\\\d\|\\\\\\
=007  cr||||||||||||
=008  061030c20089999cc\br\p\s\\\\\0\\\a0eng\\
=015  \\$aGBA9B2903$2bnb
=022  \\$a1752-9867
=037  \\$amplant$bOxford University Press
=037  3\$aISSN_16742052$bPortico$nOxford University Press
=040  \\$aUk$beng$cUk$dUk
=042  \\$aukblsr
=082  04$a571.2$222
=130  0\$aMolecular plant (Online)
=222  \0$aMolecular plant$b(Online)
=245  10$aMolecular plant$h[electronic resource].
=260  \\$aOxford :$bOxford University Press,$c2008-
=264  21$aShanghai :$bMolecular Plant Shanghai Editorial Office in association with Oxford University Press
=264  31$a[Shanghai] :$bMolecular Plant Shanghai Editorial Office in association with Cell Press
=310  \\$aMonthly,$b2014-
=321  \\$aBi-monthly,$b-2013
=336  \\$atext$2rdacontent
=337  \\$acomputer$2rdamedia
=338  \\$aonline resource$2rdacarrier
=362  0\$aVol. 1, no. 1 (Jan. 2008)-
=500  \\$aTitle from contents screen (Oxford University Press, viewed on Nov. 24 2009).
=530  \\$aAlso issued in print.
=538  \\$aMode of access: World Wide Web.
=540  \\$aCurrent copyright fee: GBP34.30$c5\1$5Uk
=550  \\$aSponsored by: the Institute of Plant Physiology and Ecology; Shanghai Institutes for Biological Sciences; Chinese Academy of Sciences; and the Chinese Society for Plant Physiology. Supervised by the Chinese Academy of Sciences.
=580  \\$aPrint continues: Zhiwu shengwu yu fenzi shengwuxue xuebao.
=588  \\$aLatest issue consulted: volume 14, issue 9 (2021)(Cell Press website, viewed September 17, 2021).
=650  \0$aPlant physiology$vPeriodicals.
=650  \0$aPlant molecular biology$vPeriodicals.
=710  2\$aZhongguo ke xue yuan.
=710  2\$aZhi wu shengli shengtai yan jiu suo.
=710  2\$aZhongguo zhi wu sheng li xue hui.
=776  0\$tMolecular plant$x1674-2052
=852  41$aBritish Library$bHMNTS$jELD Digital store$3Volume 7:Number 1(2014)-Volume 7:Number 11(2014)***Previous issues available in print copy
=852  41$aBritish Library$bDSC$j5900.825500$3Volume 1:Issue 1(2008)-Volume 4:Issue 6(2011)
=856  \\$31850-9999$uhttp://www.sciencedirect.com/$xBLDSS
=856  40$uhttp://mplant.oxfordjournals.org/
=856  40$uhttps://www.cell.com/molecular-plant/home
=859  \\$aELD$bejournal
=945  \\$aMolecular plant
=959  \\$fHeld but not currently received
=985  \\$aISSN UK coding removed whilst ISSN responsibility discussed with ISSN China (Richard, 20/09/21)
=ACF  \\$aPrevious copyright fee: GBP18.00$c29\0$e17-feb-2009$fGBP18.00$g0$hP$5Uk
=ACF  \\$aPrevious copyright fee: GBP12.30$c0$e01-jan-2015$fGBP12.30$g0$hA$5Uk
=ACF  \\$aPrevious copyright fee: GBP20.00$c29\0$e01-jan-2013$fGBP20.00$g0$hP$5Uk
=ACF  \\$aPrevious Copyright Fee: GBP22.50$c5\1$e22-sep-2016$fGBP22.50$g0$hP$5Uk
=ACF  \\$aPrevious copyright fee: GBP23.40$c5\1$e01-jan-2018$fGBP23.40$g0$hP$5Uk
=CAT  \\$a6537$b40$c20061030$lBLL01$h1146
=CAT  \\$aIPL-CLA$c20121231$lBLL01$h1321
=CAT  \\$aIPL-CLA$c20130102$lBLL01$h1748
=CAT  \\$a11433$b40$c20131205$lBLL01$h1206
=CAT  \\$a8124$b40$c20140123$lBLL01$h1023
=CAT  \\$a8124$b40$c20140123$lBLL01$h1025
=CAT  \\$aWR14_140$c20140905$lBLL01$h1813
=CAT  \\$a5552$b40$c20141029$lBLL01$h1146
=CAT  \\$aBLDSS-3PM$b00$c20141208$lBLL01$h1625
=CAT  \\$aIPL-CLA$c20141231$lBLL01$h1655
=CAT  \\$aDEL-3PM$c20150618$lBLL01$h1606
=CAT  \\$a5552$b40$c20160922$lBLL01$h1233
=CAT  \\$aBLDSS-3PM$b00$c20160927$lBLL01$h1707
=CAT  \\$aBATCH-UPD$b00$c20160927$lBLL01$h1717
=CAT  \\$aBATCH-UPD$b00$c20171121$lBLL01$h1747
=CAT  \\$aW1711-1005$c20171206$lBLL01$h1819
=CAT  \\$aIPL-CLA$c20171231$lBLL01$h1659
=CAT  \\$aBATCH-UPD$b00$c20190521$lBLL01$h1438
=CAT  \\$aIPL-CLA$c20190630$lBLL01$h1537
=CAT  \\$aW1910-0530$c20191007$lBLL01$h1114
=CAT  \\$a5410$b40$c20200911$lBLL01$h0022
=CAT  \\$a12654$b40$c20210826$lBLL01$h0916
=CAT  \\$a8483$b40$c20210917$lBLL01$h1157
=CAT  \\$a10806$b40$c20210920$lBLL01$h1354
=CAT  \\$aBATCH-UPD$b40$c20211119$lBLL01$h1555
=CAT  \\$aIPL-CLA$c20211231$lBLL01$h1543
=CFI  0\$aCurrent copyright fee: GBP34.30$c5\1$e01-jan-2022$fGBP34.30$g0$hP$5Uk
=CFI  2\$aPrevious copyright fee: GBP32.84$c5\1$e01-jul-2019$fGBP32.84$g0$hP$5Uk
=EST  \\$a1
=FFP  \\$aY$bBLDSS-3PM
=FIN  \\$aY$d20080707
=FMT  \\$a  SE
=LAS  \\$aIPL-CLA$b00$c20211231$lBLL01$h1543
=LET  \0$aMolecular plant (Online)
=LKR  \\$aPAR$b013588059$lBLL01$r776$mMolecular plant (Online)$nMolecular plant (Print)
=MNI  \\$a1674-2052
=TCO  \\$aCLA$bCLA$c008
=TOC  \\$aETOC

