=LDR  03954cas a2200901 a 4500
=001  013615400
=003  Uk
=005  20230210010527.0
=007  ta
=008  061130c20069999xxumr\p\\\\\\\0\\\a0eng\\
=015  \\$aGBA6A1327$2bnb
=022  0\$a1750-8223
=040  \\$aUk$beng$cUk
=042  \\$aukblsr
=082  04$a795.41205$222
=222  \0$aBluff Europe
=245  00$aBluff.$pEurope.
=260  \\$aAtlanta, GA ;$aLondon :$bBluff Media,$c[2006]-
=300  \\$av. :$bcol. ill., col. ports. ;$c28 cm.
=310  \\$aMonthly
=336  \\$atext$2rdacontent
=337  \\$aunmediated$2rdamedia
=338  \\$avolume$2rdacarrier
=362  1\$aBegan in 2006.
=500  \\$aDescription based on: July 2006 issue.
=540  \\$aCurrent Copyright Fee: GBP25.00$c0$5Uk
=650  \0$aPoker$vPeriodicals.
=852  41$aBritish Library$bHMNTS$jZK.9.a.10507$3July 2006-(Aug.2017)
=985  \\$aISSN UK Centre - USA publication requesting ISSN US Centre to take ISSN responsibility (in process 15/2/07)
=ACF  \\$aPrevious Copyright Fee: GBP12.00$c0$e01-apr-2012$fGBP12.00$g0$hC$5Uk
=ACF  \\$aPrevious Copyright Fee: GBP12.00$c0$e01-jan-2012$fGBP12.00$g0$hC$5Uk
=ACF  \\$aPrevious Copyright Fee: GBP10.50$c0$e01-oct-2011$fGBP10.50$g0$hC$5Uk
=ACF  \\$aPrevious Copyright Fee: GBP10.50$c0$e01-jul-2011$fGBP10.50$g0$hC$5Uk
=ACF  \\$aPrevious Copyright Fee: GBP10.50$c0$e01-apr-2011$fGBP10.50$g0$hC$5Uk
=ACF  \\$aPrevious Copyright Fee: GBP10.50$c0$e01-jan-2011$fGBP10.50$g0$hC$5Uk
=ACF  \\$aPrevious Copyright Fee: GBP9.00$c0$e01-oct-2010$fGBP9.00$g0$hC$5Uk
=ACF  \\$aPrevious Copyright Fee: GBP9.00$c0$e01-jul-2010$fGBP9.00$g0$hC$5Uk
=ACF  \\$aPrevious Copyright Fee: GBP12.00$c0$e01-jul-2012$fGBP12.00$g0$hC$5Uk
=ACF  \\$aPrevious Copyright Fee: GBP12.00$c0$e01-oct-2012$fGBP12.00$g0$hC$5Uk
=ACF  \\$aPrevious Copyright Fee: GBP12.30$c0$e01-jan-2014$fGBP12.30$g0$hC$5Uk
=ACF  \\$aPrevious Copyright Fee: GBP15.00$c0$e01-jan-2017$fGBP15.00$g0$hC$5Uk
=ACF  \\$aPrevious Copyright Fee: GBP17.50$c0$e01-jan-2018$fGBP17.50$g0$hC$5Uk
=ACF  \\$aPrevious Copyright Fee: GBP20.00$c0$e01-jan-2020$fGBP20.00$g0$hC$5Uk
=ACF  \\$aPrevious Copyright Fee: GBP22.50$c0$e01-jan-2021$fGBP22.50$g0$hC$5Uk
=CAT  \\$a11187$b40$c20061130$lBLL01$h1616
=CAT  \\$aIPL-CLA$c20110630$lBLL01$h1546
=CAT  \\$aBATCH-CLA$b00$c20110831$lBLL01$h1748
=CAT  \\$aIPL-CLA$c20110930$lBLL01$h1551
=CAT  \\$aBATCH-CLA$b00$c20111130$lBLL01$h1211
=CAT  \\$aIPL-CLA$c20111230$lBLL01$h2026
=CAT  \\$aBATCH-CLA$b00$c20120229$lBLL01$h1622
=CAT  \\$aIPL-CLA$c20120330$lBLL01$h1438
=CAT  \\$aBATCH-CLA$b00$c20120531$lBLL01$h1659
=CAT  \\$aIPL-CLA$c20120629$lBLL01$h1036
=CAT  \\$aBATCH-CLA$b00$c20120831$lBLL01$h1530
=CAT  \\$aIPL-CLA$c20120930$lBLL01$h2126
=CAT  \\$aBATCH-CLA$b00$c20121109$lBLL01$h1726
=CAT  \\$aBATCH-CLA$b00$c20131129$lBLL01$h1650
=CAT  \\$aIPL-CLA$c20140101$lBLL01$h0011
=CAT  \\$aWR14_140$c20140905$lBLL01$h1813
=CAT  \\$aBATCH-CLA$b00$c20161130$lBLL01$h1627
=CAT  \\$aIPL-CLA$c20161230$lBLL01$h2207
=CAT  \\$aBATCH-CLA$b00$c20171130$lBLL01$h1658
=CAT  \\$aIPL-CLA$c20171231$lBLL01$h1700
=CAT  \\$aBATCH-CLA$b00$c20191129$lBLL01$h1626
=CAT  \\$aIPL-CLA$c20191231$lBLL01$h1943
=CAT  \\$aBATCH-CLA$b00$c20201126$lBLL01$h1409
=CAT  \\$aIPL-CLA$c20201231$lBLL01$h2216
=CAT  \\$aBATCH-CLA$b00$c20221130$lBLL01$h1439
=CAT  \\$aIPL-CLA$c20221231$lBLL01$h2130
=CAT  \\$aBATCH-CLA$b00$c20230209$lBLL01$h1527
=CAT  \\$aIPL-CLA$c20230210$lBLL01$h0105
=CFI  0\$aCurrent Copyright Fee: GBP25.00$c0$e09-feb-2023$fGBP25.00$g0$hC$5Uk
=CFI  2\$aBritish Library not licensed to copy$c0$e01-jan-2023$hC$iCFP Excluded$5Uk
=FIN  \\$aY$d20071012
=FMT  \\$a  SE
=LAS  \\$aIPL-CLA$b00$c20230210$lBLL01$h0105
=TCO  \\$aTRS$bCCC$c008

