=LDR  02093cas a2200553 a 4500
=001  013638617
=003  Uk
=005  20200914123918.0
=007  ta
=008  070109c20069999nyuuu\p\\\\\\\0\\\a0eng\\
=022  0\$a1752-2900$y9771-7525
=040  \\$aUk$beng$cUk$dUk
=042  \\$aukblsr
=082  04$a640.02430548696$222
=222  \0$aBinah$b(Brooklyn, N.Y.)
=245  00$aBinah :$bthe magazine for the Jewish woman.
=260  \\$aBrooklyn, N.Y. ;$a[Great Britain] :$bBinah Magazine,$c2006-
=300  \\$av. :$bill. (some col.) ;$c28 cm.
=336  \\$atext$2rdacontent
=337  \\$aunmediated$2rdamedia
=338  \\$avolume$2rdacarrier
=362  1\$aBegan with vol. 1, no. 1 (2006).
=500  \\$aDescription based on: Vol. 1, no. 2 (Sept. 18 2006) or [25 Elul 5766].
=580  \\$aHas supplements: Binah Bunch, Sept. 2006-July 2011; Binah between, Aug. 2011-; Spark2it, 2020-
=588  \\$aLatest issue consulted: vol. 11, no. 533 (May 15, 2017).
=650  \0$aJewish way of life$vPeriodicals.
=650  \0$aJewish women$vPeriodicals.
=650  \0$aHome economics$vPeriodicals.
=770  1\$tBinah Bunch
=770  1\$tBinah between ; Binah Bunch Clubhouse
=770  1\$tBB@The Binah Bunch
=770  1\$tSpark2it
=852  41$aBritish Library$bHMNTS$jZK.9.b.24259$3Volume 1, Number 2 (2006)-
=852  41$aBritish Library$bHMNTS$jEC.9.x.1093$3Accompanying electronic media
=985  \\$aResponsibility for ISSN transferred to US ISSN Centre from ISSN UK Centre, 1/3/07
=CAT  \\$a11315$b40$c20070109$lBLL01$h1110
=CAT  \\$a11315$b40$c20070109$lBLL01$h1115
=CAT  \\$a8323$b40$c20070307$lBLL01$h1300
=CAT  \\$a11313$b40$c20070418$lBLL01$h1126
=CAT  \\$a8323$b40$c20110915$lBLL01$h1215
=CAT  \\$a8323$b40$c20110915$lBLL01$h1216
=CAT  \\$a10806$b40$c20170627$lBLL01$h1410
=CAT  \\$a5997$b40$c20190522$lBLL01$h1202
=CAT  \\$a10973$b40$c20200914$lBLL01$h1238
=CAT  \\$a10973$b40$c20200914$lBLL01$h1239
=FIN  \\$aY$d20070109
=FMT  \\$a  SE
=LAS  \\$a10973$b40$c20200914$lBLL01$h1239
=TCO  \\$aTRS$bCCC$c008

