=LDR  01696 as a2200541 a 4500
=001  013674802
=003  Uk
=005  20090224105543.0
=007  ta
=008  070216d20052005enkar\\\\\\\\\0\\\a0eng\\
=015  \\$aGBA713203$2bnb
=022  0\$a1558-3503
=040  \\$aUk$beng$cUk
=042  \\$aukblsr
=082  04$a914.2104$222
=222  \0$aLondon e>>guide
=245  00$aLondon e>>guide.
=246  3\$aLondon e guide
=246  3\$aLondon eguide
=246  18$aLondon
=260  \\$aLondon :$bDorling Kindersley,$c2005.
=300  \\$av. :$bcol. ill., col. maps ;$c20 cm.
=310  \\$aAnnual
=336  \\$atext$2rdacontent
=337  \\$aunmediated$2rdamedia
=338  \\$avolume$2rdacarrier
=362  0\$a[2005].
=490  1\$ae>>Guides$x1745-5480
=500  \\$aSupported by a dedicated website.
=651  \0$aLondon (England)$vGuidebooks.
=760  0\$te>>Guides$x1745-5480
=830  \0$aE.guides$x1745-5480.
=852  41$aBritish Library$bHMNTS$jZK.9.a.10339$3(2005)
=985  \\$aISSN responsibility held by United States ISSN Centre 16/2/07
=CAT  \\$a11316$b40$c20070216$lBLL01$h1020
=CAT  \\$a11316$b40$c20070216$lBLL01$h1031
=CAT  \\$a11316$b40$c20070216$lBLL01$h1043
=CAT  \\$a11316$b40$c20070216$lBLL01$h1118
=CAT  \\$a7792$b40$c20090224$lBLL01$h1055
=CAT  \\$aBATCH$b00$c20091217$lBLL01$h0447
=CAT  \\$aBATCH$b00$c20100103$lBLL01$h1240
=CAT  \\$aWR14_140$c20140905$lBLL01$h1814
=CAT  \\$aBATCH-UPD$b00$c20140906$lBLL01$h0659
=FIN  \\$aY$d20070216
=FMT  \\$a  SE
=LAS  \\$aBATCH-UPD$b00$c20140906$lBLL01$h0659
=LKR  \\$aPAR$b013017063$lBLL01$r760$mLondon e>>guide$ne>>Guides
=TCO  \\$aCLA$bCLA$c008

