=LDR  01288 as a2200409 a 4500
=001  013692466
=003  Uk
=005  20081216112335.0
=007  ta
=008  070312c20079999pk\mr\p\\\\\\\0\\\a0eng\\
=022  0\$a1754-1387
=040  \\$aUk$beng$cUk
=041  0\$aeng$burd
=042  \\$aukblsr
=210  0\$a30 days int.
=222  \0$a30 days international
=245  00$a30 days international.
=246  3\$aThirty days international
=260  \\$aMultan :$b30 days international,$c2007-
=300  \\$av. :$bcol. ill., col. ports. ;$c30 cm.
=310  \\$aMonthly
=336  \\$atext$2rdacontent
=337  \\$aunmediated$2rdamedia
=338  \\$avolume$2rdacarrier
=362  0\$aVol. 01, issue 01 [2007]-
=650  \0$aPatriotism$zPakistan$vPeriodicals.
=852  41$aBritish Library$bHMNTS$jZK.9.b.26478$3Volume 1, Issue 1 [2007]
=985  \\$aResponsibility for ISSN transferred to the International Centre from ISSN UK, 03.07.07
=CAT  \\$a6537$b40$c20070312$lBLL01$h1029
=CAT  \\$a6537$b40$c20070703$lBLL01$h1514
=CAT  \\$a5997$b40$c20081002$lBLL01$h1036
=CAT  \\$aBATCH$b00$c20081124$lBLL01$h1133
=CAT  \\$a6550$b40$c20081216$lBLL01$h1123
=FIN  \\$aY$d20081002
=FMT  \\$a  SE
=LAS  \\$a6550$b40$c20081216$lBLL01$h1123
=TCO  \\$aXXX$c008

