=LDR  04194cas a2200985 a 4500
=001  013694042
=003  Uk
=005  20230511162924.0
=006  m\\\\\\\\d\\\\\\\\
=007  cr||||||||||||
=008  070313c19829999xxu\x\p\s\\\\\0\\\a0eng\\
=015  \\$aGBB122772$2bnb
=022  0\$a1751-8369$y0800-0395
=037  \\$aISSN_17518369$bPortico$nTaylor & Francis
=040  \\$aUk$beng$cUk$dUk
=042  \\$aukblsr
=082  04$a508.311$223
=130  0\$aPolar research (Online)
=210  0\$aPolar res.$b(Online)
=222  \0$aPolar research$b(Online)
=245  10$aPolar research$h[electronic resource].
=260  \\$aOxford :$bBlackwell Publishing
=260  2\$32011-$aStockholm :$bCo-Action Publishing
=264  31$a[United States?] :$bRoutledge, Taylor & Francis Group
=336  \\$atext$2rdacontent
=337  \\$acomputer$2rdamedia
=338  \\$aonline resource$2rdacarrier
=362  1\$aPrint began with 1982.
=500  \\$aTitle from title screen via ESTAR.
=515  \\$aFrom 2011 articles added continuously to current annual volume.
=525  \\$aSupplements may be included.
=538  \\$aMode of access: World Wide Web.
=540  \\$aCurrent copyright fee: zero$c2\0$5Uk
=580  \\$aTo 2010 also issued in print format; beginning with 2011 issued online only.
=588  \\$aLatest issue consulted: volume 36, issue 1 (2017) (Taylor & Francis Online, viewed June 6, 2018).
=651  \0$aPolar regions$xResearch$vPeriodicals.
=651  \0$aPolar regions$vPeriodicals.
=710  2\$aNorsk polarinstitutt.
=776  1\$tPolar research$x0800-0395
=852  41$aBritish Library$bHMNTS$jELD Digital store$3Volume 35:Issue 1(2016)-Volume 37:Issue 1(2018)
=852  41$aBritish Library$bDSC$j6542.300000$3Volume 26:Issue 1(2007)-Volume 29:Issue 3(2010)***See ESTAR for full holdings.
=856  \\$31850-9999$uhttp://www.tandfonline.com/$xBLDSS
=856  40$uhttp://onlinelibrary.wiley.com/journal/10.1111/(ISSN)1751-8369/issues$zArchived issues for 1982-2010
=856  40$uhttp://www.polarresearch.net/index.php/polar/issue/archive
=856  40$uhttp://www.polarresearch.net/index.php/polar/issue/current
=856  40$uhttps://www.tandfonline.com/toc/zpor20/current
=859  \\$aELD$bejournal
=945  \\$aPolar research
=959  \\$fHeld but not currently received
=985  \\$aResponsibility for ISSN transferred to Swedish ISSN Centre from ISSN UK Centre, 26/03/12
=ACF  \\$aPrevious Copyright Fee: GBP12.00$c0$e01-jan-2012$fGBP12.00$g0$hA$5Uk
=ACF  \\$aPrevious Copyright Fee: GBP10.50$c0$e06-dec-2011$fGBP10.50$g0$hA$5Uk
=ACF  \\$aPrevious Copyright Fee: GBP22.00$c10\0$e13-mar-2007$fGBP22.00$g0$hP$5Uk
=CAT  \\$a7174$b40$c20070313$lBLL01$h1658
=CAT  \\$a7174$b40$c20070313$lBLL01$h1703
=CAT  \\$aWR10_164$c20101215$lBLL01$h1511
=CAT  \\$a7332$b40$c20110216$lBLL01$h1054
=CAT  \\$a12654$b40$c20111206$lBLL01$h0838
=CAT  \\$a12654$b40$c20111206$lBLL01$h0850
=CAT  \\$a5552$b40$c20120104$lBLL01$h1117
=CAT  \\$a10806$b40$c20120326$lBLL01$h1552
=CAT  \\$aBATCH-CLA$b00$c20121109$lBLL01$h1725
=CAT  \\$a5552$b40$c20130403$lBLL01$h1109
=CAT  \\$aBATCH-CLA$b00$c20140125$lBLL01$h1255
=CAT  \\$aBATCH-CLA$c20140225$lBLL01$h2329
=CAT  \\$a10973$b40$c20160726$lBLL01$h1016
=CAT  \\$a10983$b40$c20180602$lBLL01$h0913
=CAT  \\$a10806$b40$c20180606$lBLL01$h1144
=CAT  \\$a10983$b40$c20180709$lBLL01$h0859
=CAT  \\$a5552$b40$c20181218$lBLL01$h0824
=CAT  \\$aBLDSS-3PM$b00$c20190115$lBLL01$h1424
=CAT  \\$aBATCH-UPD$b00$c20190115$lBLL01$h1429
=CAT  \\$aBATCH-FIX$c20230511$lBLL01$h1629
=CFI  0\$aCurrent copyright fee: zero$c2\0$e18-dec-2018$fGBP0.00$g0$hP$5Uk
=CFI  2\$aBritish Library not licensed to copy$c0$e03-apr-2013$hC$iCFP Excluded$5Uk
=EST  \\$a1
=FFP  \\$aY$bBLDSS-3PM
=FIN  \\$aY$d20110216
=FMT  \\$a  SE
=LAS  \\$aBATCH-FIX$b00$c20230511$lBLL01$h1629
=LET  \0$aPolar research (Electronic)
=LKR  \\$aPAR$b007865571$lBLL01$r776$mPolar research (Online)$nPolar research (Print)
=MNI  \\$a0800-0395
=TCO  \\$aCLA$bCLA$c008
=TOC  \\$aETOC

