=LDR  04623 as a2201057 a 4500
=001  013733918
=003  Uk
=005  20200331161758.0
=006  m\\\\\\\\d\\\\\\\\
=007  cr\cnu||||||||
=008  070531c20049999xxufr\pss\\\\\0\\\a0eng\c
=010  \\$a2007212524
=022  0\$a1754-6087$z1938-6214
=035  \\$a(OCoLC)137290349
=040  \\$aNSD$cNSD$dNSD$dBUF$dNSD$dMUQ$dWAU$dNSD$dUk
=042  \\$ansdp$aukblsr
=050  14$aPS3537.T3234
=082  10$a813.52$222
=130  0\$aSteinbeck review (Online)
=222  \0$aSteinbeck review$b(Online)
=245  10$aSteinbeck review$h[electronic resource].
=260  \\$aLanham, MD :$bScarecrow Press
=264  31$a[Pennsylvania] :$b[Penn State University Press]
=310  \\$aSemiannual
=336  \\$atext$2rdacontent
=337  \\$acomputer$2rdamedia
=338  \\$aonline resource$2rdacarrier
=362  1\$aPrint began with Vol. 1, no. 1 (spring 2004).
=500  \\$aDescription based on print version record.
=500  \\$aLatest issue consulted: volume 12, number 1 (2015) (Project MUSE, viewed October 27, 2015).
=500  \\$aPublished: San Jose, CA : Martha Heasley Cox Center for Steinbeck Studies, <spring 2006-> ; Blackwell/Wiley Interscience, <spring 2007- >.
=530  \\$aAlso issued in print.
=538  \\$aMode of access: World Wide Web.
=540  \\$aCurrent copyright fee: GBP32.00$c35\0$5Uk
=600  10$aSteinbeck, John,$d1902-1968$vPeriodicals.
=710  2\$aCenter for Steinbeck Studies.
=776  0\$tSteinbeck review$x1546-007X
=776  1\$tSteinbeck review$x1546-007X
=780  05$tSteinbeck studies (San Jose, Calif. : Online)$x1551-6903
=852  41$aBritish Library$bDSC$j8464.109825$3Volume 5:Issue 1(2008)-Volume 9:Issue 2(2012)***See ESTAR for full holdings.
=856  \\$31850-9999$uhttp://onlinelibrary.wiley.com/$xBLDSS
=856  40$uhttp://muse.jhu.edu/journals/steinbeck_review/
=856  40$uhttp://muse.jhu.edu/journals/str
=856  40$uhttp://www.blackwellpublishing.com/journal.asp?ref=1546-007X
=856  40$uhttp://www3.interscience.wiley.com/journal/118902500/home?CRETRY=1&SRETRY=0
=945  \\$aSteinbeck review
=959  \\$fHeld but not currently received
=985  \\$aResponsibility for ISSN transferred to NSDP from ISSN UK, 03.09.08. Responsibility for ISSN 1754-6087 and double assignment with ISSN 1938-6214 reviewed again in October 2015 - Portal records now updated (Richard, 27/10/15)
=ACF  \\$aPrevious copyright fee: GBP16.00$c10\0$e26-aug-2008$fGBP16.00$g0$hP$5Uk
=ACF  \\$aPrevious copyright fee: GBP17.00$c10\0$e01-jan-2009$fGBP17.00$g0$hP$5Uk
=ACF  \\$aPrevious copyright fee: GBP22.00$c10\0$e01-jan-2011$fGBP22.00$g0$hP$5Uk
=ACF  \\$aPrevious copyright fee: GBP24.00$c10\0$e01-mar-2015$fGBP24.00$g0$hP$5Uk
=ACF  \\$aPrevious copyright fee: GBP24.00$c35\0$e07-mar-2017$fGBP24.00$g0$hP$5Uk
=CAT  \\$a11316$b40$c20070430$lBLL01$h0920
=CAT  \\$aBATCH-UPD$b40$c20081119$lBLL01$h1455
=CAT  \\$aBATCH-UPD$b40$c20081231$lBLL01$h2325
=CAT  \\$aBATCH-UPD$b40$c20090101$lBLL01$h0056
=CAT  \\$aBATCH$b00$c20090101$lBLL01$h0231
=CAT  \\$a3072$b40$c20090403$lBLL01$h1333
=CAT  \\$a3072$b40$c20090403$lBLL01$h1343
=CAT  \\$aBATCH-UPD$b40$c20101116$lBLL01$h1328
=CAT  \\$aIPL-CLA$c20101231$lBLL01$h1521
=CAT  \\$aBATCH-UPD$b00$c20120421$lBLL01$h0525
=CAT  \\$aBATCH-UPD$b00$c20120607$lBLL01$h1429
=CAT  \\$aBATCH-CLA$b00$c20121109$lBLL01$h1725
=CAT  \\$a12654$b40$c20130321$lBLL01$h1643
=CAT  \\$aBLDSS-3PM$b00$c20141214$lBLL01$h1524
=CAT  \\$aBATCH-UPD$b00$c20150215$lBLL01$h1629
=CAT  \\$aIPL-CLA$c20150228$lBLL01$h2051
=CAT  \\$a10806$b40$c20151027$lBLL01$h1508
=CAT  \\$aBATCH-UPD$b40$c20160728$lBLL01$h2043
=CAT  \\$aW1703-0316$c20170306$lBLL01$h1825
=CAT  \\$aW1703-0316$c20170307$lBLL01$h1649
=CAT  \\$aIPL-CLA$c20170307$lBLL01$h1824
=CAT  \\$aBATCH-UPD$b00$c20180219$lBLL01$h1750
=CAT  \\$aBATCH-UPD$b00$c20181121$lBLL01$h1623
=CAT  \\$aIPL-CLA$c20181231$lBLL01$h1545
=CAT  \\$aBATCH-UPD$b00$c20200219$lBLL01$h1541
=CAT  \\$aIPL-CLA$c20200331$lBLL01$h1617
=CFI  0\$aCurrent copyright fee: GBP32.00$c35\0$e01-apr-2020$fGBP32.00$g0$hP$5Uk
=CFI  2\$aPrevious copyright fee: GBP28.00$c35\0$e01-jan-2019$fGBP28.00$g0$hP$5Uk
=EST  \\$a1
=FFP  \\$aY$bBLDSS-3PM
=FIN  \\$aY$d20090403
=FMT  \\$a  SE
=LAS  \\$aIPL-CLA$b00$c20200331$lBLL01$h1617
=MNI  \\$a1546-007X
=SID  \\$aZ39$bOCLC
=TCO  \\$aTRS$bCCC$c008
=TOC  \\$aETOC
=UNO  \\$aY

