=LDR  04426cas a2200961 a 4500
=001  013742987
=003  Uk
=005  20230210010551.0
=007  ta
=008  070510c20059999enkuu\p\\\\\\\0\\\a0eng\\
=015  \\$aGBA736042$2bnb
=022  0\$a1754-6850$y1026-4302
=040  \\$aUk$beng$cUk$dUk
=042  \\$aukblsr
=082  04$a428.82405$222
=222  \0$aProfessional and academic English
=245  00$aProfessional and academic English :$bnewsletter of the IATEFL ESP SIG.
=246  17$aJournal of the IATEFL ESP SIG,$f<2014- >
=260  \\$a[Canterbury] :$bIATEFL,$c2005-
=264  31$a[Faversham] :$bIATEFL
=300  \\$av. :$bill., maps ;$c30 cm.
=336  \\$atext$2rdacontent
=337  \\$aunmediated$2rdamedia
=338  \\$avolume$2rdacarrier
=362  0\$aIssue 26 (Feb. 2005)-
=500  \\$aSubtitle varies: "journal of the English for Specific Purposes Special Interest Group", <2014>-
=515  \\$aBegins new numbering series with: Volume 28, number 1 (June 2021)-
=540  \\$aCurrent Copyright Fee: GBP25.00$c0$5Uk
=588  \\$aLatest issue consulted: [new series] volume 28, number 2 (December 2021).
=650  \0$aEnglish language$xStudy and teaching$xForeign speakers$vPeriodicals.
=650  \0$aEnglish language$xTechnical English$vPeriodicals.
=650  \0$aEnglish language$xBusiness English$vPeriodicals.
=650  \0$aEnglish teachers$xTraining of$vPeriodicals.
=710  2\$aIATEFL ESP SIG.
=780  00$tESP SIG Newsletter$x1026-4302
=852  41$aBritish Library$bHMNTS$jZK.9.b.24415$3Issue 26, February 2005-
=985  \\$aResponsibility for ISSN transferred to the IC, 17.05.07
=ACF  \\$aPrevious Copyright Fee: GBP12.00$c0$e01-apr-2012$fGBP12.00$g0$hC$5Uk
=ACF  \\$aPrevious Copyright Fee: GBP12.00$c0$e01-jan-2012$fGBP12.00$g0$hC$5Uk
=ACF  \\$aPrevious Copyright Fee: GBP10.50$c0$e01-oct-2011$fGBP10.50$g0$hC$5Uk
=ACF  \\$aPrevious Copyright Fee: GBP10.50$c0$e01-jul-2011$fGBP10.50$g0$hC$5Uk
=ACF  \\$aPrevious Copyright Fee: GBP10.50$c0$e01-apr-2011$fGBP10.50$g0$hC$5Uk
=ACF  \\$aPrevious Copyright Fee: GBP10.50$c0$e01-jan-2011$fGBP10.50$g0$hC$5Uk
=ACF  \\$aPrevious Copyright Fee: GBP12.00$c0$e01-jul-2012$fGBP12.00$g0$hC$5Uk
=ACF  \\$aPrevious Copyright Fee: GBP12.00$c0$e01-oct-2012$fGBP12.00$g0$hC$5Uk
=ACF  \\$aPrevious Copyright Fee: GBP12.30$c0$e01-jan-2014$fGBP12.30$g0$hC$5Uk
=ACF  \\$aPrevious Copyright Fee: GBP15.00$c0$e01-jan-2017$fGBP15.00$g0$hC$5Uk
=ACF  \\$aPrevious Copyright Fee: GBP17.50$c0$e01-jan-2018$fGBP17.50$g0$hC$5Uk
=ACF  \\$aPrevious Copyright Fee: GBP20.00$c0$e01-jan-2020$fGBP20.00$g0$hC$5Uk
=ACF  \\$aPrevious Copyright Fee: GBP22.50$c0$e01-jan-2021$fGBP22.50$g0$hC$5Uk
=CAT  \\$a11187$b40$c20070510$lBLL01$h1618
=CAT  \\$aIPL-CLA$c20111230$lBLL01$h2027
=CAT  \\$aBATCH-CLA$b00$c20120229$lBLL01$h1612
=CAT  \\$aIPL-CLA$c20120330$lBLL01$h1438
=CAT  \\$aBATCH-CLA$b00$c20120531$lBLL01$h1708
=CAT  \\$aIPL-CLA$c20120629$lBLL01$h1037
=CAT  \\$aBATCH-CLA$b00$c20120831$lBLL01$h1541
=CAT  \\$aIPL-CLA$c20120930$lBLL01$h2127
=CAT  \\$aBATCH-CLA$b00$c20121109$lBLL01$h1725
=CAT  \\$aBATCH-CLA$b00$c20131129$lBLL01$h1650
=CAT  \\$aIPL-CLA$c20140101$lBLL01$h0018
=CAT  \\$aWR14_140$c20140905$lBLL01$h1815
=CAT  \\$a11205$b40$c20141118$lBLL01$h1542
=CAT  \\$aBATCH-CLA$b00$c20161130$lBLL01$h1629
=CAT  \\$aIPL-CLA$c20161230$lBLL01$h2215
=CAT  \\$aBATCH-CLA$b00$c20171130$lBLL01$h1701
=CAT  \\$aIPL-CLA$c20171231$lBLL01$h1705
=CAT  \\$aBATCH-CLA$b00$c20191129$lBLL01$h1627
=CAT  \\$aIPL-CLA$c20191231$lBLL01$h1945
=CAT  \\$aBATCH-CLA$b00$c20201126$lBLL01$h1410
=CAT  \\$aIPL-CLA$c20201231$lBLL01$h2221
=CAT  \\$a8323$b40$c20221004$lBLL01$h1019
=CAT  \\$aBATCH-CLA$b00$c20221130$lBLL01$h1453
=CAT  \\$aIPL-CLA$c20221231$lBLL01$h2136
=CAT  \\$aBATCH-CLA$b00$c20230209$lBLL01$h1540
=CAT  \\$aIPL-CLA$c20230210$lBLL01$h0105
=CFI  0\$aCurrent Copyright Fee: GBP25.00$c0$e09-feb-2023$fGBP25.00$g0$hC$5Uk
=CFI  2\$aBritish Library not licensed to copy$c0$e01-jan-2023$hC$iCFP Excluded$5Uk
=FIN  \\$aY$d20070517
=FMT  \\$a  SE
=LAS  \\$aIPL-CLA$b00$c20230210$lBLL01$h0105
=LKR  \\$aPAR$b005450069$lBLL01$r78000$mProfessional and academic English$nESP SIG newsletter
=TCO  \\$aCLA$bCLA$c008

