=LDR  04345cas a2200949 a 4500
=001  013743884
=003  Uk
=005  20221231213632.0
=007  ta
=008  070511c20079999enkqr\p\\\\\\\0\\\a0eng\\
=015  \\$aGBA860173$2bnb
=022  0\$a1754-730X
=040  \\$aUk$beng$cUk$dUk
=042  \\$aukblsr
=082  04$a371.71305$222
=222  \0$aAdvances in school mental health promotion
=245  00$aAdvances in school mental health promotion :$btraining and practice, research and policy.
=260  \\$aStafford :$bClifford Beers Foundation in collaboration with the University of Maryland School of Medicine, Center for School Mental Health,$c2007-
=264  31$aAbingdon :$bTaylor & Francis
=300  \\$av. :$bill. ;$c28 cm.
=310  \\$aQuarterly
=336  \\$atext$2rdacontent
=337  \\$aunmediated$2rdamedia
=338  \\$avolume$2rdacarrier
=362  0\$aInaugural issue (Oct. 2007)-
=500  \\$aDescription based on: Vol. 1, issue 1 (Jan. 2008).
=540  \\$aCurrent copyright fee: GBP46.00$c2\0$5Uk
=588  \\$aLatest issue consulted: volume 7, issue 3 (July 2014).
=650  \0$aSchool children$xMental health$vPeriodicals.
=690  7\$aSocial Welfare$2blcoll
=710  2\$aClifford Beers Foundation.
=710  2\$aUniversity of Maryland, Baltimore.$bCenter for School Mental Health.
=776  0\$tAdvances in school mental health promotion$c(Online)$x2049-8535
=852  41$aBritish Library$bHMNTS$jZK.9.b.26017$3Vol. 1, issue 1 (Jan. 2008)-v. 10, n. 4 (Oct.2017)
=856  \\$31850-9999$uhttp://www.tandfonline.com/$xBLDSS
=945  \\$aAdvances in school mental health promotion
=979  \\$aBritish Library$bDSC$j0711.381500N
=985  \\$aISSN responsibility taken by United States ISSN Center, February 24 2015.
=ACF  \\$aPrevious Copyright Fee: GBP27.00$c2\0$e26-jul-2012$fGBP27.00$g0$hP$5Uk
=ACF  \\$aPrevious copyright fee: GBP27.50$c2\0$e01-jan-2013$fGBP27.50$g0$hP$5Uk
=ACF  \\$aPrevious copyright fee: GBP30.00$c2\0$e01-jan-2015$fGBP30.00$g0$hP$5Uk
=ACF  \\$aPrevious copyright fee: GBP28.00$c2\0$e01-jan-2014$fGBP28.00$g0$hP$5Uk
=ACF  \\$aPrevious copyright fee: GBP26.00$c2\0$e01-jan-2016$fGBP26.00$g0$hP$5Uk
=ACF  \\$aPrevious copyright fee: GBP25.00$c2\0$e16-jan-2015$fGBP25.00$g0$hP$5Uk
=ACF  \\$aPrevious copyright fee: GBP34.00$c2\0$e04-mar-2016$fGBP34.00$g0$hP$5Uk
=ACF  \\$aPrevious copyright fee: GBP36.00$c2\0$e01-jan-2017$fGBP36.00$g0$hP$5Uk
=ACF  \\$aPrevious copyright fee: GBP38.00$c2\0$e01-jan-2018$fGBP38.00$g0$hP$5Uk
=ACF  \\$aPrevious copyright fee: GBP40.00$c2\0$e01-jan-2019$fGBP40.00$g0$hP$5Uk
=ACF  \\$aPrevious copyright fee: GBP42.00$c2\0$e01-jan-2020$fGBP42.00$g0$hP$5Uk
=CAT  \\$a11439$b40$c20070511$lBLL01$h1520
=CAT  \\$a11205$b40$c20140909$lBLL01$h0937
=CAT  \\$aBATCH-UPD$b40$c20141124$lBLL01$h1754
=CAT  \\$aBLDSS-3PM$b00$c20141130$lBLL01$h1249
=CAT  \\$aIPL-CLA$c20141231$lBLL01$h1655
=CAT  \\$a5552$b40$c20150116$lBLL01$h1206
=CAT  \\$a11313$b40$c20150224$lBLL01$h1433
=CAT  \\$aBATCH-UPD$b40$c20151119$lBLL01$h1544
=CAT  \\$aIPL-CLA$c20151231$lBLL01$h1925
=CAT  \\$a5552$b40$c20160304$lBLL01$h1213
=CAT  \\$aBATCH-UPD$b40$c20160413$lBLL01$h1821
=CAT  \\$aBATCH-UPD$b40$c20160620$lBLL01$h0215
=CAT  \\$a5552$b40$c20161006$lBLL01$h0903
=CAT  \\$aBATCH-UPD$b40$c20161122$lBLL01$h1500
=CAT  \\$aIPL-CLA$c20161230$lBLL01$h2215
=CAT  \\$aBATCH-UPD$b00$c20171121$lBLL01$h1640
=CAT  \\$aIPL-CLA$c20171231$lBLL01$h1706
=CAT  \\$aBATCH-UPD$b00$c20181217$lBLL01$h1648
=CAT  \\$aIPL-CLA$c20181231$lBLL01$h1545
=CAT  \\$aBATCH-UPD$b00$c20191122$lBLL01$h1910
=CAT  \\$aIPL-CLA$c20191231$lBLL01$h1945
=CAT  \\$aBATCH-UPD$b00$c20201118$lBLL01$h1344
=CAT  \\$aIPL-CLA$c20201231$lBLL01$h1530
=CAT  \\$a5410$b40$c20220914$lBLL01$h1052
=CAT  \\$aBATCH-UPD$b40$c20221121$lBLL01$h1334
=CAT  \\$aIPL-CLA$c20221231$lBLL01$h2136
=CFI  0\$aCurrent copyright fee: GBP46.00$c2\0$e01-jan-2023$fGBP46.00$g0$hP$5Uk
=CFI  2\$aPrevious copyright fee: GBP44.00$c2\0$e01-jan-2021$fGBP44.00$g0$hP$5Uk
=FFP  \\$aY$bBLDSS-3PM
=FIN  \\$aY$d20080423
=FMT  \\$a  SE
=LAS  \\$aIPL-CLA$b00$c20221231$lBLL01$h2136
=TCO  \\$aCLA$bCLA$c008

