=LDR  04532cas a2201033 a 4500
=001  013747376
=003  Uk
=005  20221231144828.0
=006  m\\\\\\\\d\|\\\\\\
=007  cr||||||||||||
=008  070516c20099999enktr\p\s\\\\\0\\\a0eng\\
=015  \\$aGBB0A8883$2bnb
=022  0\$a1754-7083$y1754-7075
=037  \\$aISSN_17547075_21$bPortico$nTaylor & Francis
=040  \\$aUk$beng$cUk$dUk
=042  \\$aukblsr
=082  04$a745.4$222
=130  0\$aDesign and culture (Online)
=222  \0$aDesign and culture$b(Online)
=245  10$aDesign and culture$h[electronic resource] :$bthe journal of the Design Studies Forum.
=260  \\$aOxford :$bBerg,$c2009-
=264  21$aLondon :$bBloomsbury Publishing Plc
=264  31$aLondon :$bRoutledge Informa Ltd
=310  \\$aThree issues yearly
=336  \\$atext$2rdacontent
=337  \\$acomputer$2rdamedia
=338  \\$aonline resource$2rdacarrier
=362  0\$aVol. 1, issue 1 (Mar. 2009)-
=500  \\$aTitle from issue contents page (IngentaConnect, viewed Sep. 8, 2010).
=538  \\$aMode of access: World Wide Web.
=538  \\$aSystem requirements: Adobe Acrobat Reader.
=540  \\$aCurrent copyright fee: GBP37.00$c2\0$5Uk
=588  \\$aLatest issue consulted: volume 7, issue 2 (2015) (Taylor & Francis Online, viewed December 7, 2015).
=650  \0$aDesign$xPhilosophy$vPeriodicals.
=650  \0$aDesign$xSocial aspects$vPeriodicals.
=710  2\$aDesign Studies Forum.
=776  08$iAlso issued in print as:$tDesign and culture$x1754-7075
=852  41$aBritish Library$bHMNTS$jELD Digital store$3Volume 2:Number 2(2010)-***Previous issues available in print copy
=856  \\$31850-9999$uhttp://www.tandfonline.com/$xBLDSS
=856  40$uhttp://www.bergpublishers.com/BergJournals/DesignandCulture/tabid/3594/Default.aspx
=856  40$uhttp://www.bloomsbury.com/uk/journal/design-and-culture/
=856  40$uhttp://www.ingentaconnect.com/content/berg/dgcj
=856  40$uhttp://www.tandfonline.com/toc/rfdc20/current
=859  \\$aELD$bejournal
=945  \\$aDesign and culture.
=979  \\$aBritish Library$bDSC$j3559.912100N
=985  \\$aISSN note: responsibility for ISSN transferred from UK to US at request of US ISSN Center under a multinational publisher agreement, 03.07.15.
=ACF  \\$aPrevious Copyright Fee: GBP26.00$c2\0$e09-mar-2016$fGBP26.00$g0$hP$5Uk
=ACF  \\$aPrevious copyright fee: GBP28.00$c2\0$e01-jan-2017$fGBP28.00$g0$hP$5Uk
=ACF  \\$aPrevious copyright fee: GBP30.00$c2\0$e01-jan-2018$fGBP30.00$g0$hP$5Uk
=ACF  \\$aPrevious copyright fee: GBP32.00$c2\0$e01-jan-2019$fGBP32.00$g0$hP$5Uk
=ACF  \\$aPrevious copyright fee: GBP34.00$c2\0$e01-jan-2020$fGBP34.00$g0$hP$5Uk
=CAT  \\$a11313$b40$c20070516$lBLL01$h1046
=CAT  \\$a11315$b40$c20150703$lBLL01$h1517
=CAT  \\$aWR15_120$c20150910$lBLL01$h1825
=CAT  \\$a10806$b40$c20150922$lBLL01$h1311
=CAT  \\$a11205$b40$c20151207$lBLL01$h1129
=CAT  \\$a8464$b40$c20151231$lBLL01$h1348
=CAT  \\$a8464$b40$c20160203$lBLL01$h1220
=CAT  \\$a8464$b40$c20160203$lBLL01$h1221
=CAT  \\$a5552$b40$c20160308$lBLL01$h1113
=CAT  \\$aBLDSS-3PM$b00$c20160317$lBLL01$h1142
=CAT  \\$aBATCH-UPD$b00$c20160413$lBLL01$h1821
=CAT  \\$aBATCH-UPD$b00$c20160627$lBLL01$h0009
=CAT  \\$aBATCH-UPD$b00$c20161122$lBLL01$h1513
=CAT  \\$aIPL-CLA$c20161230$lBLL01$h2215
=CAT  \\$a5552$b40$c20170130$lBLL01$h1145
=CAT  \\$aBATCH-UPD$b40$c20171121$lBLL01$h1648
=CAT  \\$aW1711-1005$c20171206$lBLL01$h1820
=CAT  \\$aIPL-CLA$c20171231$lBLL01$h1706
=CAT  \\$aBATCH-UPD$b00$c20181217$lBLL01$h1639
=CAT  \\$aIPL-CLA$c20181231$lBLL01$h1545
=CAT  \\$aBATCH-UPD$b00$c20191122$lBLL01$h1901
=CAT  \\$aIPL-CLA$c20191231$lBLL01$h1945
=CAT  \\$aBATCH-UPD$b00$c20201118$lBLL01$h1334
=CAT  \\$aIPL-CLA$c20201231$lBLL01$h1530
=CAT  \\$aBATCH-UPD$b00$c20221121$lBLL01$h1347
=CAT  \\$aIPL-CLA$c20221231$lBLL01$h1448
=CFI  0\$aCurrent copyright fee: GBP37.00$c2\0$e01-jan-2023$fGBP37.00$g0$hP$5Uk
=CFI  2\$aPrevious copyright fee: GBP35.00$c2\0$e01-jan-2021$fGBP35.00$g0$hP$5Uk
=FFP  \\$aY$bBLDSS-3PM
=FIN  \\$aY$d20100515
=FMT  \\$a  SE
=LAS  \\$aIPL-CLA$b00$c20221231$lBLL01$h1448
=LET  \0$aDesign and culture (Electronic)
=LKR  \\$aPAR$b013747368$lBLL01$r776$mDesign and culture (Online)$nDesign and culture (Print)
=MNI  \\$a1754-7075
=TCO  \\$aCLA$bCLA$c008
=TOC  \\$aETOC

