=LDR  04778cas a2201033 a 4500
=001  013771572
=003  Uk
=005  20221231144836.0
=007  ta
=008  070619c20089999enkqr\p\\\\\\\0\\\a0eng\\
=015  \\$aGBA8A2322$2bnb
=022  0\$a1755-0874
=040  \\$aUk$beng$cUk$dUk
=042  \\$aukblsr
=082  04$a581.9411$222
=210  0\$aPlant ecol. divers.$b(Print)
=222  \0$aPlant ecology & diversity$b(Print)
=245  00$aPlant ecology & diversity.
=246  3\$aPlant ecology and diversity
=260  \\$aAbingdon :$bTaylor & Francis,$c2008-
=300  \\$av. :$bill. ;$c30 cm.
=310  \\$aQuarterly
=336  \\$atext$2rdacontent
=337  \\$aunmediated$2rdamedia
=338  \\$avolume$2rdacarrier
=362  0\$aVol. 1, no. 1 (Jul. 2008)-
=540  \\$aCurrent copyright fee: GBP43.00$c2\0$5Uk
=650  \0$aPlant ecology$vPeriodicals.
=650  \0$aPlant diversity$vPeriodicals.
=710  2\$aBotanical Society of Edinburgh.
=776  0\$tPlant ecology and diversity (Online)$x1755-1668
=780  00$tBotanical journal of Scotland$x1359-4869
=852  41$aBritish Library$bDSC$j6515.450000$3Vol. 1, issue 1 (2008)-v. 14, no. 3/4 (2021)***UKRR Retained Title***Stock incomplete
=852  11$aBritish Library$bSTI$k(P)$h581.9411$m-E(1)$3Vol. 1, no. 1 (Jul. 2008)-v. 8, no. 5/6 (2015)***title now taken as electronic copy only
=856  \\$31850-9999$uhttp://www.tandfonline.com/$xBLDSS
=945  \\$aPlant ecology and diversity
=959  \\$fHeld but not currently received
=985  \\$aResponsibility for ISSN transferred to US ISSN Centre from ISSN UK Centre, 28.01.09
=ACF  \\$aPrevious copyright fee: GBP21.00$c2\0$e01-jan-2011$fGBP21.00$g0$hP$5Uk
=ACF  \\$aPrevious copyright fee: GBP17.00$c2\0$e01-jan-2010$fGBP17.00$g0$hP$5Uk
=ACF  \\$aPrevious copyright fee: GBP16.00$c2\0$e01-jan-2009$fGBP16.00$g0$hP$5Uk
=ACF  \\$aPrevious copyright fee: GBP15.00$c2\0$e28-aug-2008$fGBP15.00$g0$hP$5Uk
=ACF  \\$aPrevious copyright fee: GBP23.00$c2\0$e01-jan-2012$fGBP23.00$g0$hP$5Uk
=ACF  \\$aPrevious copyright fee: GBP27.00$c2\0$e09-nov-2012$fGBP27.00$g0$hP$5Uk
=ACF  \\$aPrevious copyright fee: GBP27.50$c2\0$e01-jan-2013$fGBP27.50$g0$hP$5Uk
=ACF  \\$aPrevious copyright fee: GBP28.00$c2\0$e01-jan-2014$fGBP28.00$g0$hP$5Uk
=ACF  \\$aPrevious copyright fee: GBP30.00$c2\0$e01-jan-2015$fGBP30.00$g0$hP$5Uk
=ACF  \\$aPrevious copyright fee: GBP34.00$c2\0$e01-jan-2016$fGBP34.00$g0$hP$5Uk
=ACF  \\$aPrevious copyright fee: GBP31.00$c2\0$e01-apr-2016$fGBP31.00$g0$hP$5Uk
=ACF  \\$aPrevious copyright fee: GBP33.00$c2\0$e01-jan-2017$fGBP33.00$g0$hP$5Uk
=ACF  \\$aPrevious copyright fee: GBP35.00$c2\0$e01-jan-2018$fGBP35.00$g0$hP$5Uk
=ACF  \\$aPrevious copyright fee: GBP37.00$c2\0$e01-jan-2019$fGBP37.00$g0$hP$5Uk
=ACF  \\$aPrevious copyright fee: GBP39.00$c2\0$e01-jan-2020$fGBP39.00$g0$hP$5Uk
=CAT  \\$a11313$b40$c20070619$lBLL01$h0903
=CAT  \\$aIPL-CLA$c20130102$lBLL01$h1753
=CAT  \\$aBATCH-UPD$b00$c20131119$lBLL01$h1952
=CAT  \\$aIPL-CLA$c20140101$lBLL01$h0020
=CAT  \\$aBATCH-CLA$b00$c20140125$lBLL01$h1320
=CAT  \\$aBATCH-CLA$c20140225$lBLL01$h2330
=CAT  \\$aBATCH-UPD$b00$c20141124$lBLL01$h1754
=CAT  \\$aBLDSS-3PM$b00$c20141130$lBLL01$h1249
=CAT  \\$aIPL-CLA$c20141231$lBLL01$h1655
=CAT  \\$aBATCH-UPD$b00$c20151119$lBLL01$h1535
=CAT  \\$aIPL-CLA$c20151231$lBLL01$h1925
=CAT  \\$a5552$b40$c20160303$lBLL01$h1437
=CAT  \\$aIPL-CLA$c20160331$lBLL01$h1740
=CAT  \\$aBATCH-UPD$b00$c20161122$lBLL01$h1505
=CAT  \\$aBATCH-UPD$b00$c20161122$lBLL01$h1539
=CAT  \\$aIPL-CLA$c20161230$lBLL01$h2217
=CAT  \\$aBATCH-UPD$b00$c20171121$lBLL01$h1655
=CAT  \\$aIPL-CLA$c20171231$lBLL01$h1707
=CAT  \\$aBATCH-UPD$b00$c20181217$lBLL01$h1645
=CAT  \\$aIPL-CLA$c20181231$lBLL01$h1545
=CAT  \\$aBATCH-UPD$b00$c20191122$lBLL01$h1907
=CAT  \\$aIPL-CLA$c20191231$lBLL01$h1946
=CAT  \\$aBATCH-UPD$b00$c20201118$lBLL01$h1341
=CAT  \\$aIPL-CLA$c20201231$lBLL01$h1530
=CAT  \\$aBATCH-UPD$b00$c20221121$lBLL01$h1340
=CAT  \\$aIPL-CLA$c20221231$lBLL01$h1448
=CFI  0\$aCurrent copyright fee: GBP43.00$c2\0$e01-jan-2023$fGBP43.00$g0$hP$5Uk
=CFI  2\$aPrevious copyright fee: GBP41.00$c2\0$e01-jan-2021$fGBP41.00$g0$hP$5Uk
=FFP  \\$aY$bBLDSS-3PM
=FIN  \\$aY$d20080822
=FMT  \\$a  SE
=LAS  \\$aIPL-CLA$b00$c20221231$lBLL01$h1448
=LKR  \\$aPAR$b013780118$lBLL01$nPlant ecology & diversity (Online)$mPlant ecology & diversity (Print)$r776
=LKR  \\$aPAR$b011106918$lBLL01$nBotanical journal of Scotland$mPlant ecology & diversity$r78000
=TCO  \\$aCLA$bCLA$c008
=TOC  \\$aETOC

