=LDR  05467cas a2201237 a 4500
=001  013780118
=003  Uk
=005  20221231144837.0
=006  m\\\\\\\\d\\\\\\\\
=007  cr\|||||||||||
=008  080917c20089999enkqx\pss\\\\\0\\\a0eng\\
=010  \\$a2009202159
=015  \\$aGBB083311$2bnb
=016  7\$a2442226-5$2DE-600
=022  0\$a1755-1668
=035  \\$a(OCoLC)298775365
=037  \\$aISSN_17550874$bPortico$nTaylor & Francis
=040  \\$aAU@$beng$cAU@$dDLC$dOCLCS$dOCLCQ$dHEBIS$dUk
=042  \\$ansdp$aukblsr
=050  14$aQK900$b.P53
=082  04$a581.705$223
=130  0\$aPlant ecology and diversity (Online)
=210  0\$aPlant ecol. divers.$b(Online)
=222  \0$aPlant ecology and diversity$b(Online)
=245  10$aPlant ecology & diversity$h[electronic resource].
=246  3\$aPlant ecology and diversity
=260  \\$aAbingdon :$bTaylor & Francis,$c2008-
=310  \\$aFour issues per year,$b2011-
=321  \\$aThree issues per year,$b2009-2010
=321  \\$aTwo issues per year,$b2008
=336  \\$atext$2rdacontent
=337  \\$acomputer$2rdamedia
=338  \\$aonline resource$2rdacarrier
=362  1\$aBegan with vol. 1, issue 1 (July 2008).
=540  \\$aCurrent copyright fee: GBP43.00$c2\0$5Uk
=550  \\$aJournal of the Botanical Society of Scotland.
=580  \\$aIncludes issues of earlier titles.
=588  \\$aDescription based on first issue; title from title screen (Informaworld homepage, viewed Jan. 27, 2009).
=588  \\$aLatest issue consulted: volume 8, issue 4 (2015) (viewed January 28, 2016).
=650  \0$aPlant ecology$vPeriodicals.
=650  \0$aPlant diversity$vPeriodicals.
=650  \0$aPlant ecology$zScotland$vPeriodicals.
=650  \0$aPlant diversity$zScotland$vPeriodicals.
=710  2\$aBotanical Society of Scotland.
=776  08$iAlso issued in print as:$tPlant ecology & diversity$x1755-0874
=780  00$tBotanical journal of Scotland (Online)
=852  41$aBritish Library$bHMNTS$jELD Digital store$3Volume 9:Number 1(2016)-
=852  41$aBritish Library$bDSC$j6515.450000$3Volume 2:Issue 1(2009)-Volume 3:Issue 3(2010)***See ESTAR for full holdings.
=856  \\$31850-9999$uhttp://www.tandfonline.com/$xBLDSS
=856  40$uhttp://www.informaworld.com/openurl?genre=journal&issn=1755-0874
=856  40$uhttp://www.tandfonline.com/loi/tped20
=859  \\$aELD$bejournal
=945  \\$aPlant ecology and diversity
=959  \\$fHeld but not currently received
=979  \\$aBritish Library$bDSC$j6515.450000
=985  \\$aResponsibility for ISSN transferred to US ISSN Centre from ISSN UK Centre, 28.01.09
=ACF  \\$aPrevious copyright fee: GBP21.00$c2\0$e01-jan-2011$fGBP21.00$g0$hP$5Uk
=ACF  \\$aPrevious copyright fee: GBP17.00$c2\0$e16-mar-2010$fGBP17.00$g0$hP$5Uk
=ACF  \\$aPrevious copyright fee: GBP23.00$c2\0$e01-jan-2012$fGBP23.00$g0$hP$5Uk
=ACF  \\$aPrevious copyright fee: GBP27.00$c2\0$e09-nov-2012$fGBP27.00$g0$hP$5Uk
=ACF  \\$aPrevious copyright fee: GBP27.50$c2\0$e01-jan-2013$fGBP27.50$g0$hP$5Uk
=ACF  \\$aPrevious copyright fee: GBP28.00$c2\0$e01-jan-2014$fGBP28.00$g0$hP$5Uk
=ACF  \\$aPrevious copyright fee: GBP30.00$c2\0$e01-jan-2015$fGBP30.00$g0$hP$5Uk
=ACF  \\$aPrevious copyright fee: GBP34.00$c2\0$e01-jan-2016$fGBP34.00$g0$hP$5Uk
=ACF  \\$aPrevious copyright fee: GBP31.00$c2\0$e01-apr-2016$fGBP31.00$g0$hP$5Uk
=ACF  \\$aPrevious copyright fee: GBP33.00$c2\0$e01-jan-2017$fGBP33.00$g0$hP$5Uk
=ACF  \\$aPrevious copyright fee: GBP35.00$c2\0$e01-jan-2018$fGBP35.00$g0$hP$5Uk
=ACF  \\$aPrevious copyright fee: GBP37.00$c2\0$e01-jan-2019$fGBP37.00$g0$hP$5Uk
=ACF  \\$aPrevious copyright fee: GBP39.00$c2\0$e01-jan-2020$fGBP39.00$g0$hP$5Uk
=CAT  \\$a6537$b40$c20070628$lBLL01$h0829
=CAT  \\$aBLDSS-3PM$b00$c20141130$lBLL01$h1249
=CAT  \\$aIPL-CLA$c20141231$lBLL01$h1655
=CAT  \\$aBATCH-UPD$b00$c20151119$lBLL01$h1535
=CAT  \\$a14412$b40$c20151229$lBLL01$h1142
=CAT  \\$aIPL-CLA$c20151231$lBLL01$h1926
=CAT  \\$a10806$b40$c20160128$lBLL01$h1447
=CAT  \\$a10806$b40$c20160128$lBLL01$h1448
=CAT  \\$a14412$b40$c20160201$lBLL01$h0927
=CAT  \\$a5552$b40$c20160303$lBLL01$h1437
=CAT  \\$aIPL-CLA$c20160331$lBLL01$h1740
=CAT  \\$aBATCH-UPD$b00$c20160605$lBLL01$h0137
=CAT  \\$aBATCH-UPD$b00$c20161122$lBLL01$h1505
=CAT  \\$aIPL-CLA$c20161230$lBLL01$h2218
=CAT  \\$aBATCH-UPD$b00$c20171121$lBLL01$h1655
=CAT  \\$aW1711-1005$c20171206$lBLL01$h1820
=CAT  \\$aIPL-CLA$c20171231$lBLL01$h1707
=CAT  \\$aBATCH-UPD$b00$c20181217$lBLL01$h1645
=CAT  \\$aIPL-CLA$c20181231$lBLL01$h1545
=CAT  \\$aBATCH-UPD$b00$c20191122$lBLL01$h1907
=CAT  \\$aIPL-CLA$c20191231$lBLL01$h1946
=CAT  \\$a5410$b40$c20200816$lBLL01$h1558
=CAT  \\$aBATCH-UPD$b40$c20201118$lBLL01$h1341
=CAT  \\$aIPL-CLA$c20201231$lBLL01$h1530
=CAT  \\$aBATCH-UPD$b00$c20221121$lBLL01$h1340
=CAT  \\$aIPL-CLA$c20221231$lBLL01$h1448
=CFI  0\$aCurrent copyright fee: GBP43.00$c2\0$e01-jan-2023$fGBP43.00$g0$hP$5Uk
=CFI  2\$aPrevious copyright fee: GBP41.00$c2\0$e01-jan-2021$fGBP41.00$g0$hP$5Uk
=EST  \\$a1
=FFP  \\$aY$bBLDSS-3PM
=FIN  \\$aY$d20081101
=FMT  \\$a  SE
=LAS  \\$aIPL-CLA$b00$c20221231$lBLL01$h1448
=MNI  \\$a1755-0874
=SID  \\$aZ39$bOCLC
=TCO  \\$aCLA$bCLA$c008
=TOC  \\$aETOC

