=LDR  04325cas a2201033 a 4500
=001  013803602
=003  Uk
=005  20211231154405.0
=006  m\\\\\o\\d\\\\\\\\
=007  cr\|||||||||||
=008  090603c20089999xxkqx\p\o\\\\\0\\\a0eng\c
=010  \\$a  2010256078
=015  \\$aGBB578847$2bnb
=022  0\$a1755-5345
=035  \\$a(OCoLC)456197024$z(OCoLC)653458023
=037  \\$aISSN_17555345$bPortico$nElsevier
=040  \\$aWaSeSS$beng$cQE2$dOCLCQ$dRBN$dCUS$dOCLCQ$dBUF$dOCLCF$dDLC$dOCLCO$dUk
=042  \\$aukblsr
=050  14$aHD30.23
=082  04$a302.13$223
=222  \0$aJournal of choice modelling
=245  00$aJournal of choice modelling$h[electronic resource].
=246  3\$aJOCM
=260  \\$a[Great Britain] :$bJournal of Choice Modelling
=264  31$3Dec. 2012- :$a[Oxford] :$bElsevier Ltd
=300  \\$bill. (some col.)
=310  \\$aFour issues a year,$b2013-
=336  \\$atext$2rdacontent
=337  \\$acomputer$2rdamedia
=338  \\$aonline resource$2rdacarrier
=362  1\$aBegan with vol. 1, no. 1 (Sept. 2008).
=540  \\$aCurrent copyright fee: GBP34.30$c5\1$5Uk
=588  \\$aDescription based on: Vol. 1, no. 1 (2008); title from PDF cover, viewed Sept. 28, 2010.
=588  \\$aLatest issue consulted: Vol. 8, issue 3 (Sept. 2013) (ScienceDirect, viewed Aug. 5, 2013).
=650  \0$aDecision making$vPeriodicals.
=650  \0$aSocial choice$vPeriodicals.
=650  \7$aDecision making.$2fast$0(OCoLC)fst00889035
=650  \7$aSocial choice.$2fast$0(OCoLC)fst01122336
=655  \7$aPeriodicals.$2fast$0(OCoLC)fst01411641
=690  7\$aSocial Welfare$2blcoll
=776  08$iPrint version :$tJournal of choice modelling
=852  41$aBritish Library$bHMNTS$jELD Digital store$3Volume 14(2015)-***Previous issues available in print copy
=856  \\$31850-9999$uhttp://www.elsevier.com/journals$xBLDSS
=856  40$3ScienceDirect$uhttp://www.sciencedirect.com/science/journal/17555345/8
=856  40$uhttp://www.jocm.org.uk/index.php/JOCM$zv. 1 (2009)-v. 5, no. 2 (2012)
=859  \\$aELD$bejournal
=945  \\$aJournal of choice modelling.
=979  \\$aBritish Library$bDSC$j4958.250000N
=985  \\$aISSN UK Centre note: Responsibility transferred to ISSN Netherlands under multinational publisher agreement 9.9.15.
=ACF  \\$aPrevious copyright fee: GBP22.50$c5\1$e11-oct-2013$fGBP22.50$g0$hP$5Uk
=ACF  \\$aPrevious copyright fee: GBP23.40$c5\1$e01-jan-2018$fGBP23.40$g0$hP$5Uk
=CAT  \\$a6537$b40$c20070730$lBLL01$h0902
=CAT  \\$a5997$b40$c20130819$lBLL01$h1355
=CAT  \\$a5552$b40$c20131011$lBLL01$h1423
=CAT  \\$aBLDSS-3PM$b00$c20141222$lBLL01$h1716
=CAT  \\$a11433$b40$c20150423$lBLL01$h1409
=CAT  \\$a3072$b40$c20150427$lBLL01$h1356
=CAT  \\$a3072$b40$c20150427$lBLL01$h1357
=CAT  \\$a3072$b40$c20150427$lBLL01$h1358
=CAT  \\$a3072$b40$c20150427$lBLL01$h1359
=CAT  \\$a3072$b40$c20150427$lBLL01$h1409
=CAT  \\$aBATCH-SWP$c20150501$lBLL01$h2211
=CAT  \\$a10973$b40$c20150522$lBLL01$h1613
=CAT  \\$a11316$b40$c20150618$lBLL01$h0928
=CAT  \\$a10973$b40$c20150909$lBLL01$h1157
=CAT  \\$a10973$b40$c20150909$lBLL01$h1324
=CAT  \\$a5552$b40$c20160322$lBLL01$h1202
=CAT  \\$aBATCH-UPD$b40$c20160413$lBLL01$h1821
=CAT  \\$aBATCH-UPD$b40$c20160617$lBLL01$h1132
=CAT  \\$a5552$b40$c20170201$lBLL01$h1405
=CAT  \\$aBATCH-UPD$b40$c20171121$lBLL01$h1748
=CAT  \\$aW1711-1005$c20171206$lBLL01$h1820
=CAT  \\$aIPL-CLA$c20171231$lBLL01$h1708
=CAT  \\$aBATCH-UPD$b00$c20190521$lBLL01$h1439
=CAT  \\$aIPL-CLA$c20190630$lBLL01$h1538
=CAT  \\$aBATCH-UPD$b00$c20211119$lBLL01$h1556
=CAT  \\$aIPL-CLA$c20211231$lBLL01$h1544
=CFI  0\$aCurrent copyright fee: GBP34.30$c5\1$e01-jan-2022$fGBP34.30$g0$hP$5Uk
=CFI  2\$aPrevious copyright fee: GBP32.84$c5\1$e01-jul-2019$fGBP32.84$g0$hP$5Uk
=FFP  \\$aY$bBLDSS-3PM
=FIN  \\$aY$d20080924
=FMT  \\$a  SE
=LAS  \\$aIPL-CLA$b00$c20211231$lBLL01$h1544
=LET  \0$aJournal of choice modelling (Electronic)
=LKR  \\$aPAR$b016476256$lBLL01$r776$mJournal of choice modelling (Online)$nJournal of choice modelling (Print)
=MNI  \\$a1755-5345
=SID  \\$aZ39$bOCLC
=TCO  \\$aCLA$bCLA$c008
=TOC  \\$aETOC

