=LDR  01554cas a2200433 a 4500
=001  013832326
=003  Uk
=005  20080902114114.0
=007  ta
=008  070903c20079999ie\ar\\\\\r\\\0\\\a0eng\\
=015  \\$aGBA8A4772$2bnb
=022  0\$a1755-7194
=040  \\$aUk$beng$cUk
=042  \\$aukblsr
=082  04$a331.11423509415$222
=222  \0$aIreland's 100 leading graduate employers
=245  00$aIreland's 100 leading graduate employers.
=246  3\$aIreland's one hundred leading graduate employers
=260  \\$a[S.l.] :$bGraduate Careers Ireland ;$aDublin :$bGTI Ireland,$c2007-
=300  \\$av. :$bill. (some col.), ports. (some col.) ;$c24 cm.
=310  \\$aAnnual
=336  \\$atext$2rdacontent
=337  \\$aunmediated$2rdamedia
=338  \\$avolume$2rdacarrier
=362  0\$a2007-
=650  \0$aCollege graduates$xEmployment$zGreat Britain$xDirectories.
=690  7\$aManagement and Business Studies$2blcoll
=852  11$aBritish Library$bSTI$cBIPC$k(B) DIR$h331.11423509415$mBusiness$32007-***Current issue
=852  41$aBritish Library$bHMNTS$jZK.9.a.11304$3Earlier issues
=985  \\$aResponsibility for ISSN transferred to Irish Centre from ISSN UK, 08.08.08
=CAT  \\$a11316$b40$c20070903$lBLL01$h1559
=CAT  \\$a6537$b40$c20080812$lBLL01$h0846
=CAT  \\$a5997$b40$c20080902$lBLL01$h1141
=CAT  \\$aBATCH$b00$c20090625$lBLL01$h1704
=CAT  \\$aWR14_140$c20140905$lBLL01$h1816
=FIN  \\$aY$d20080902
=FMT  \\$a  SE
=LAS  \\$aWR14_140$b00$c20140905$lBLL01$h1816
=TCO  \\$aIRL$bICLA$c008

