=LDR  04914cas a2201153 a 4500
=001  013921548
=003  Uk
=005  20211231172329.0
=008  781117d197u2012cc\er\p\\\\\\\0\\\a0eng\c
=010  \\$a   96645888 $zsn 84011058 
=019  n\$aNLC0001007
=019  c\$a2045199
=022  0\$a1016-9776$y1016-9766$202
=035  \\$a(OCoLC)4384429
=040  \\$aGUA$beng$cGUA$dUCU$dYUS$dMUL$dIXA$dNST$dIUL$dAGL$dNST$dHUL$dNST$dOCL$dNST$dNYP$dDLC$dOCL$dWAU$dCUS$dOCLCQ$dDLC$dNLGGC$dBOS$dHUL$dOCLCQ$dCUS$dOCLCF$dOCLCO$dUk
=042  \\$aukblsr
=043  \\$aa-cc---
=050  00$aHD2910.A1$bB87
=050  14$aHF41$b.B88
=070  0\$aHF3831.B87
=072  \0$aE700
=082  04$a330.951$223
=210  0\$aBus. China
=222  \0$aBusiness China
=245  00$aBusiness China.
=260  \\$aHong Kong :$bBusiness International Asia/Pacific Ltd.
=260  3\$aLondon :$bEconomist Intelligence Unit
=300  \\$av. :$bill. ;$c28 cm.
=310  \\$aBiweekly
=336  \\$atext$2rdacontent
=337  \\$aunmediated$2rdamedia
=338  \\$avolume$2rdacarrier
=362  1\$aCeased with: vol. 38, no. 7 (Mar. 26, 2012).
=515  \\$aVol. 5, no. 11 misnumbered v. 11, no. 11.
=530  \\$aAlso issued via the World Wide Web in HTML and PDF formats; restricted to subscribers of the EIU online database.
=540  \\$aCurrent Copyright Fee: GBP13.14$c0$5Uk
=550  \\$aIssues for <Jan. 9, 1995-Feb. 6, 1995> published by: Economist Intelligence Unit.
=588  \\$aDescription based on: Vol. 5, no. 4 (Feb. 21, 1979); title from caption.
=588  \\$aLatest issue consulted: Vol. 38, no. 7 (Mar. 26, 2012).
=650  \0$aCorporations, Foreign$zChina$vPeriodicals.
=650  \0$aIndustrial management$zChina$vPeriodicals.
=650  \3$aBusiness$zChina$vPeriodicals.
=650  \3$aBusiness$zAsia$vPeriodicals.
=650  17$aEconomische situatie.$2gtt
=650  \7$aCommerce.$2fast$0(OCoLC)fst00869279
=650  \7$aCorporations, Foreign.$2fast$0(OCoLC)fst00880032
=650  \7$aIndustrial management.$2fast$0(OCoLC)fst00971246
=651  \0$aChina$xCommerce$vPeriodicals.
=651  \3$aChina$xCommerce$vPeriodicals.
=651  \3$aAsia$xCommerce$vPeriodicals.
=651  \7$aChina.$2fast$0(OCoLC)fst01206073
=655  \7$aPeriodicals.$2fast$0(OCoLC)fst01411641
=690  7\$aManagement and Business Studies$2blcoll
=710  2\$aBusiness International Asia/Pacific Ltd.
=710  2\$aEconomist Intelligence Unit (Hong Kong)
=710  2\$aEconomist Intelligence Unit (Great Britain)
=776  08$iOnline version:$tBusiness China$x2048-4577
=785  04$tViewsWire.$dNew York : Economist Intelligence Unit
=852  41$aBritish Library$bDSC$j2933.339000
=852  41$aBritish Library$bHMNTS$jLOU.CMISC832B
=856  41$uhttp://db.eiu.com/report_list.asp?pubcode=BC&title=Business+China
=866  \0$a1 April 1977-17 Oct.1979; 9 Jan.1980-9 June 1997.
=945  \\$aBUSINESS CHINA.
=959  \\$fHeld but not currently received
=985  \\$aResponsibility for ISSN transferred to ISSN UK from the International Centre, 13/09/11
=ACF  \\$aPrevious copyright fee: GBP9.00$c0$e01-apr-2010$fGBP9.00$g0$hA$5Uk
=ACF  \\$aPrevious copyright fee: GBP6.00$c0$e01-apr-2008$fGBP6.00$g0$hA$5Uk
=ACF  \\$aPrevious copyright fee: GBP5.00$c0$e01-jul-2002$fGBP5.00$g0$hA$5Uk
=ACF  \\$aCurrent copyright fee: GBP2.50$c0$e23-may-2000$fGBP2.50$g0$hC$5Uk
=ACF  \\$aCurrent copyright fee: GBP4.40$c0$e01-jul-1998$fGBP4.40$g0$hA$5Uk
=ACF  \\$aPrevious copyright fee: GBP10.50$c0$e01-jan-2011$fGBP10.50$g0$hA$5Uk
=ACF  \\$aBritish Library not licensed to copy$c0$e01-apr-2014$hC$iCFP Excluded$5Uk
=CAT  \\$aBATCH-NPL$b00$c20070912$lBLL01$h1148
=CAT  \\$aBATCH$b00$c20070916$lBLL01$h1818
=CAT  \\$aNPL-008-P$c20110504$lBLL01$h2107
=CAT  \\$aBATCH-UPD$b00$c20110714$lBLL01$h1619
=CAT  \\$a10969$b40$c20120830$lBLL01$h1210
=CAT  \\$aBATCH-CLA$b00$c20121109$lBLL01$h1724
=CAT  \\$aWR13.005$c20130322$lBLL01$h1831
=CAT  \\$aBATCH-CLA$c20131220$lBLL01$h2045
=CAT  \\$aIPL-CLA$c20140101$lBLL01$h0027
=CAT  \\$aNPL-LOCK$b77$c20140207$lBLL01$h2208
=CAT  \\$c20140214$lBLL01$h1749
=CAT  \\$a8483$b40$c20151116$lBLL01$h0946
=CAT  \\$a8483$b40$c20151116$lBLL01$h0957
=CAT  \\$aBATCH-MBS$c20151120$lBLL01$h2108
=CAT  \\$aBATCH-CLA$b00$c20211203$lBLL01$h0818
=CAT  \\$aIPL-CLA$c20211231$lBLL01$h1723
=CFI  0\$aCurrent Copyright Fee: GBP13.14$c0$e01-jan-2022$fGBP13.14$g0$hC$5Uk
=CFI  2\$aBritish Library not licensed to copy$c0$e01-jul-2014$hC$iCFP Excluded$5Uk
=FIN  \\$aY
=FMT  \\$a  SE
=LAS  \\$aIPL-CLA$b00$c20211231$lBLL01$h1723
=LEO  \\$aMP35.0000100984
=LEO  \\$aMP10.0000125804
=SID  \\$aZ39$bOCLC
=SRC  \\$aNPLv17$bbibmp35.20070831.aa
=SRC  \\$aDSS01$bbibmp10.200404.2.aa
=TCO  \\$aZZZ$c008

