=LDR  04346cas a2201033 i 4500
=001  013952615
=003  Uk
=005  20221025124802.0
=006  m\\\\\\\\d\\\\\\\\
=007  cr\|||||||||||
=008  070921c19919999mauar\\\o\\\\\0\\\a0eng\\
=015  \\$aGBB350985$2bnb
=022  0\$a1758-2237$y1533-6077
=037  \\$aISSN_15336077$bPortico$nWiley
=040  \\$aUk$beng$cUk$erda
=042  \\$aukblsr
=082  04$a100$223
=222  \0$aPhilosophical issues$b(Online)
=245  00$aPhilosophical issues.
=264  \1$aAtascadero, Calif. :$bRidgeview Pub. Co.
=264  21$aBoston, Mass. ;$aOxford :$bWiley-Blackwell
=264  31$a[Malden, MA] :$bWiley Periodicals, Inc.
=310  \\$aAnnual
=336  \\$atext$2rdacontent
=337  \\$acomputer$2rdamedia
=338  \\$aonline resource$2rdacarrier
=362  1\$aPrint began with 1 (1991).
=500  \\$aIssues also have thematic titles.
=540  \\$aCurrent Copyright Fee: GBP32.00$c35\0$5Uk
=588  \\$aDescription based on print version record.
=588  \\$aLatest issue consulted: volume 22, issue 1 (October 2012) (Wiley Online Library, viewed May 24, 2013).
=650  \0$aPhilosophy$vPeriodicals.
=700  1\$31991-<1998>,$aVillanueva, Enrique,$eeditor.
=710  2\$31991-$aSociedad Filosófica Ibero Americana,
=772  1\$tNoûs (Detroit, Mich. : Online)$g2000-$x1468-0068
=776  08$iAlso issued in print as:$tPhilosophical issues$x1533-6077
=852  41$aBritish Library$bDSC$j6461.789000$3Volume 17:Issue 1(2007)-Volume 21(2011)***See ESTAR for full holdings.
=852  41$aBritish Library$bHMNTS$jELD Digital store$3Volume 23:Issue 1(2013)-
=856  \\$31850-9999$uhttp://onlinelibrary.wiley.com/$xBLDSS
=856  40$31991-1998$ahttp://www.jstor.org/journals/15336077.html
=856  40$32000-$ahttp://onlinelibrary.wiley.com/journal/10.1111/(ISSN)1758-2237
=859  \\$aELD$bejournal
=945  \\$aPhilosophical issues
=959  \\$fHeld but not currently received
=979  \\$aBritish Library$bDSC$j6461.789000
=985  \\$aResponsibility for ISSN transferred to US ISSN Center from ISSN UK Centre, 05/03/12
=ACF  \\$aPrevious Copyright Fee: GBP16.00$c10\0$e21-sep-2007$fGBP16.00$g0$hP$5Uk
=ACF  \\$aPrevious copyright fee: GBP17.00$c10\0$e01-jan-2009$fGBP17.00$g0$hP$5Uk
=ACF  \\$aPrevious copyright fee: GBP22.00$c10\0$e01-jan-2011$fGBP22.00$g0$hP$5Uk
=ACF  \\$aPrevious copyright fee: GBP24.00$c10\0$e01-mar-2015$fGBP24.00$g0$hP$5Uk
=ACF  \\$aPrevious copyright fee: GBP24.00$c35\0$e07-mar-2017$fGBP24.00$g0$hP$5Uk
=CAT  \\$a7174$b40$c20070921$lBLL01$h0930
=CAT  \\$a11313$b40$c20130620$lBLL01$h0836
=CAT  \\$aWR13.114$c20130717$lBLL01$h1314
=CAT  \\$aBATCH-PORT$c20130829$lBLL01$h1114
=CAT  \\$aBATCH-CLA$b00$c20140125$lBLL01$h1255
=CAT  \\$aWR14_009$c20140204$lBLL01$h2342
=CAT  \\$aBATCH-CLA$c20140225$lBLL01$h2331
=CAT  \\$aBATCH-UPD$b00$c20141012$lBLL01$h1106
=CAT  \\$aBLDSS-3PM$b00$c20141214$lBLL01$h1524
=CAT  \\$aBATCH-UPD$b00$c20150215$lBLL01$h1629
=CAT  \\$aIPL-CLA$c20150228$lBLL01$h2052
=CAT  \\$aBATCH-UPD$b00$c20150701$lBLL01$h1333
=CAT  \\$aBATCH-UPD$b00$c20161023$lBLL01$h0915
=CAT  \\$aBATCH-UPD$b00$c20161223$lBLL01$h0751
=CAT  \\$aW1703-0316$c20170306$lBLL01$h1825
=CAT  \\$aW1703-0316$c20170307$lBLL01$h1649
=CAT  \\$aIPL-CLA$c20170307$lBLL01$h1824
=CAT  \\$aW1711-1005$c20171206$lBLL01$h1820
=CAT  \\$aBATCH-UPD$b00$c20180219$lBLL01$h1751
=CAT  \\$aBATCH-UPD$b00$c20181121$lBLL01$h1623
=CAT  \\$aIPL-CLA$c20181231$lBLL01$h1546
=CAT  \\$aR1911-0245$c20191127$lBLL01$h0823
=CAT  \\$aR1911-0245$c20191127$lBLL01$h1045
=CAT  \\$aIPL-CLA$c20191231$lBLL01$h1950
=CAT  \\$a5410$b40$c20200821$lBLL01$h2123
=CAT  \\$a5410$b40$c20221025$lBLL01$h1248
=CFI  0\$aCurrent Copyright Fee: GBP32.00$c35\0$e01-jan-2020$fGBP32.00$g0$hP$5Uk
=CFI  2\$aPrevious copyright fee: GBP28.00$c35\0$e01-jan-2019$fGBP28.00$g0$hP$5Uk
=EST  \\$a1
=FFP  \\$aY$bBLDSS-3PM
=FIN  \\$aY$d20130524
=FMT  \\$a  SE
=LAS  \\$a5410$b40$c20221025$lBLL01$h1248
=LKR  \\$aPAR$b012434569$lBLL01$nNoûs$mPhilosophical issues$r772
=MNI  \\$a1533-6077
=TCO  \\$aTRS$bCCC$c008
=TOC  \\$aETOC
=UNO  \\$aY

