=LDR  03943cas a2200937 a 4500
=001  014056265
=003  Uk
=005  20221231144851.0
=006  m\\\\\\\\d\|\\\\\\
=007  cr||||||||||||
=008  071009c20089999enkqr\p\o\\\\\0\\\a0eng\\
=015  \\$aGBB0A8845$2bnb
=022  0\$a1756-1310
=037  \\$aISSN_17561310_21$bPortico$nTaylor & Francis
=040  \\$aUk$beng$cUk$dUk
=042  \\$aukblsr
=082  04$a700.5$222
=222  \0$aArt in translation
=245  00$aArt in translation$h[electronic resource].
=260  \\$aOxford :$bBerg Publishers,$c2009-
=264  31$a[London] :$bRoutledge, Taylor & Francis Group
=310  \\$aQuarterly,$b2011-
=321  \\$aThree issues yearly,$b2009-2010
=336  \\$atext$2rdacontent
=337  \\$acomputer$2rdamedia
=338  \\$aonline resource$2rdacarrier
=362  0\$aVol. 1, no. 1 (Mar. 2009)-
=500  \\$aTitle from issue contents page (IngentaConnect, viewed Sep. 8, 2010).
=500  \\$aLatest issue consulted: volume 7, number 2 (2015) (Taylor & Francis Online, viewed January 4, 2016).
=540  \\$aCurrent copyright fee: GBP37.00$c2\0$5Uk
=650  \0$aArt$vPeriodicals.
=776  08$iAlso issued in print as:$tArt in translation$x2380-5722
=852  41$aBritish Library$bHMNTS$jELD Digital store$3Volume 4:Number 4(2012)-
=856  \\$31850-9999$uhttp://www.tandfonline.com/$xBLDSS
=856  40$uhttp://www.bergpublishers.com/BergJournals/ArtinTranslation/tabid/3634/Default.aspx
=856  40$uhttp://www.ingentaconnect.com/content/berg/aitj
=856  40$uhttp://www.tandfonline.com/toc/rfat20/current
=859  \\$aELD$bejournal
=945  \\$aArt in translation.
=979  \\$aBritish Library$bDSC$j1733.473975N
=985  \\$aISSN responsibility taken by US ISSN Center from UK Centre (multinational publisher), August 21 2015.
=ACF  \\$aPrevious copyright fee: GBP26.00$c2\0$e07-mar-2016$fGBP26.00$g0$hP$5Uk
=ACF  \\$aPrevious copyright fee: GBP28.00$c2\0$e01-jan-2017$fGBP28.00$g0$hP$5Uk
=ACF  \\$aPrevious copyright fee: GBP30.00$c2\0$e01-jan-2018$fGBP30.00$g0$hP$5Uk
=ACF  \\$aPrevious copyright fee: GBP32.00$c2\0$e01-jan-2019$fGBP32.00$g0$hP$5Uk
=ACF  \\$aPrevious copyright fee: GBP34.00$c2\0$e01-jan-2020$fGBP34.00$g0$hP$5Uk
=CAT  \\$a11313$b40$c20071009$lBLL01$h1140
=CAT  \\$aWR15_120$c20150910$lBLL01$h1825
=CAT  \\$a8478$b40$c20151210$lBLL01$h0801
=CAT  \\$a8478$b40$c20151210$lBLL01$h0804
=CAT  \\$a8323$b40$c20160104$lBLL01$h0757
=CAT  \\$a8323$b40$c20160104$lBLL01$h1305
=CAT  \\$a8037$b40$c20160122$lBLL01$h0940
=CAT  \\$a8037$b40$c20160122$lBLL01$h0941
=CAT  \\$a5552$b40$c20160307$lBLL01$h1334
=CAT  \\$aBLDSS-3PM$b00$c20160317$lBLL01$h1142
=CAT  \\$aBATCH-UPD$b00$c20160413$lBLL01$h1822
=CAT  \\$aBATCH-UPD$b00$c20160627$lBLL01$h0010
=CAT  \\$a5552$b40$c20161122$lBLL01$h1424
=CAT  \\$aBATCH-UPD$b40$c20161122$lBLL01$h1513
=CAT  \\$aIPL-CLA$c20161230$lBLL01$h2234
=CAT  \\$aBATCH-UPD$b00$c20171121$lBLL01$h1648
=CAT  \\$aW1711-1005$c20171206$lBLL01$h1820
=CAT  \\$aIPL-CLA$c20171231$lBLL01$h1717
=CAT  \\$aBATCH-UPD$b00$c20181217$lBLL01$h1639
=CAT  \\$aIPL-CLA$c20181231$lBLL01$h1546
=CAT  \\$aBATCH-UPD$b00$c20191122$lBLL01$h1901
=CAT  \\$aIPL-CLA$c20191231$lBLL01$h1952
=CAT  \\$aBATCH-UPD$b00$c20201118$lBLL01$h1335
=CAT  \\$aIPL-CLA$c20201231$lBLL01$h1530
=CAT  \\$aBATCH-UPD$b00$c20221121$lBLL01$h1348
=CAT  \\$aIPL-CLA$c20221231$lBLL01$h1448
=CFI  0\$aCurrent copyright fee: GBP37.00$c2\0$e01-jan-2023$fGBP37.00$g0$hP$5Uk
=CFI  2\$aPrevious copyright fee: GBP35.00$c2\0$e01-jan-2021$fGBP35.00$g0$hP$5Uk
=FFP  \\$aY$bBLDSS-3PM
=FIN  \\$aY$d20100908
=FMT  \\$a  SE
=LAS  \\$aIPL-CLA$b00$c20221231$lBLL01$h1448
=LET  \0$aArt in translation (Electronic)
=TCO  \\$aCLA$bCLA$c008
=TOC  \\$aETOC

