=LDR  04416cas a2201021 a 4500
=001  014408615
=003  Uk
=005  20221231144856.0
=006  m\\\\\\\\d\|\\\\\\
=007  cr||||||||||||
=008  071121c19979999enkqr\p\s\\\\\0\\\a0eng\\
=015  \\$aGBB0A6714$2bnb
=022  0\$a1756-3062$y1460-6925
=037  \\$aISSN_14606925_21$bPortico$nTaylor & Francis
=040  \\$aUk$beng$cUk$dUk
=042  \\$aukblsr
=082  04$a745.05$222
=130  0\$aDesign journal (Online)
=222  \4$aThe design journal$b(Online)
=245  14$aThe design journal$h[electronic resource].
=260  \\$aOxford :$bBerg,$c1997-
=264  21$aLondon :$bBloomsbury
=264  31$aLondon :$bRoutledge Informa Ltd
=310  \\$aQuarterly
=321  \\$aThree issues yearly
=336  \\$atext$2rdacontent
=337  \\$acomputer$2rdamedia
=338  \\$aonline resource$2rdacarrier
=362  0\$aVol. 0, issue 1-
=500  \\$aTitle from issue contents page (IngentaConnect, viewed Sep. 7, 2010).
=530  \\$aAlso issued in print.
=538  \\$aMode of access: World Wide Web.
=540  \\$aCurrent copyright fee: GBP37.00$c2\0$5Uk
=588  \\$aLatest issue consulted: Volume 18, issue 3 (2015) (Taylor & Francis Online, viewed January 05, 2016).
=650  \0$aDesign$vPeriodicals.
=710  2\$aEuropean Academy of Design.
=776  1\$tDesign journal$x1460-6925
=852  41$aBritish Library$bHMNTS$jELD Digital store$3Volume 3:Number 3(2000)-***Previous issues available in print copy
=856  \\$31850-9999$uhttp://www.tandfonline.com/$xBLDSS
=856  40$uhttp://www.bergpublishers.com/BergJournals/TheDesignJournal/tabid/3650/Default.aspx$zLink no longer valid
=856  40$uhttp://www.bloomsbury.com/uk/journal/the-design-journal/$zLink no longer valid
=856  40$uhttp://www.ingentaconnect.com/content/berg/dsgj$zLink no longer valid
=856  40$uhttp://www.tandfonline.com/toc/rfdj20/current
=859  \\$aELD$bejournal
=945  \\$aDESIGN JOURNAL -ALDERSHOT-.
=979  \\$aBritish Library$cDSC$j3559.976800
=985  \\$aISSN note: responsibility for ISSN transferred to US from UK at request of US ISSN Center under multinational publisher agreement, 03.07.15.
=ACF  \\$aPrevious copyright fee: GBP26.00$c2\0$e14-mar-2016$fGBP26.00$g0$hP$5Uk
=ACF  \\$aPrevious copyright fee: GBP28.00$c2\0$e01-jan-2017$fGBP28.00$g0$hP$5Uk
=ACF  \\$aPrevious copyright fee: GBP30.00$c2\0$e01-jan-2018$fGBP30.00$g0$hP$5Uk
=ACF  \\$aPrevious copyright fee: GBP32.00$c2\0$e01-jan-2019$fGBP32.00$g0$hP$5Uk
=ACF  \\$aPrevious copyright fee: GBP34.00$c2\0$e01-jan-2020$fGBP34.00$g0$hP$5Uk
=CAT  \\$a11313$b40$c20071121$lBLL01$h1037
=CAT  \\$a11205$b40$c20141010$lBLL01$h1320
=CAT  \\$a11315$b40$c20150703$lBLL01$h1507
=CAT  \\$aWR15_120$c20150910$lBLL01$h1825
=CAT  \\$a10806$b40$c20150922$lBLL01$h1205
=CAT  \\$a10806$b40$c20151202$lBLL01$h0938
=CAT  \\$a10973$b40$c20160105$lBLL01$h1604
=CAT  \\$a14448$b40$c20160130$lBLL01$h0905
=CAT  \\$a5552$b40$c20160314$lBLL01$h1209
=CAT  \\$aBLDSS-3PM$b00$c20160322$lBLL01$h1621
=CAT  \\$aBATCH-UPD$b00$c20160413$lBLL01$h1822
=CAT  \\$aBATCH-UPD$b00$c20160522$lBLL01$h2350
=CAT  \\$aBATCH-UPD$b00$c20161122$lBLL01$h1513
=CAT  \\$aIPL-CLA$c20161230$lBLL01$h2255
=CAT  \\$a5552$b40$c20170220$lBLL01$h1219
=CAT  \\$aBATCH-UPD$b40$c20171121$lBLL01$h1648
=CAT  \\$aW1711-1005$c20171206$lBLL01$h1820
=CAT  \\$aIPL-CLA$c20171231$lBLL01$h1728
=CAT  \\$aBATCH-UPD$b00$c20181217$lBLL01$h1639
=CAT  \\$aIPL-CLA$c20181231$lBLL01$h1547
=CAT  \\$aBATCH-UPD$b00$c20191122$lBLL01$h1901
=CAT  \\$aIPL-CLA$c20191231$lBLL01$h2000
=CAT  \\$aBATCH-UPD$b00$c20201118$lBLL01$h1335
=CAT  \\$aIPL-CLA$c20201231$lBLL01$h1530
=CAT  \\$aBATCH-UPD$b00$c20221121$lBLL01$h1348
=CAT  \\$aIPL-CLA$c20221231$lBLL01$h1448
=CFI  0\$aCurrent copyright fee: GBP37.00$c2\0$e01-jan-2023$fGBP37.00$g0$hP$5Uk
=CFI  2\$aPrevious copyright fee: GBP35.00$c2\0$e01-jan-2021$fGBP35.00$g0$hP$5Uk
=FFP  \\$aY$bBLDSS-3PM
=FIN  \\$aY$d20081125
=FMT  \\$a  SE
=LAS  \\$aIPL-CLA$b00$c20221231$lBLL01$h1448
=LET  \0$aDesign journal (Electronic)
=LKR  \\$aPAR$b007165821$lBLL01$r776$mDesign journal (Online)$nThe design journal (Print)
=TCO  \\$aCLA$bCLA$c008
=TOC  \\$aETOC

