=LDR  03866cas a2200925 a 4500
=001  014462883
=003  Uk
=005  20221231220943.0
=007  ta
=008  071204c20099999enkfr\p\\\\\\\0\\\a0eng\\
=015  \\$aGBB085348$2bnb
=022  0\$a1756-4905
=040  \\$aUk$beng$cUk$dUk
=042  \\$aukblsr
=082  04$a791.430951905$222
=222  \0$aJournal of Japanese & Korean cinema$b(Print)
=245  00$aJournal of Japanese & Korean cinema.
=246  3\$aJournal of Japanese and Korean cinema
=246  30$aJapanese & Korean cinema
=246  13$aJJKC
=260  \\$aBristol :$bIntellect,$c2009-
=264  31$aAbingdon :$bTaylor & Francis
=300  \\$av. :$bill. ;$c25 cm.
=310  \\$aTwice a year
=321  \\$aThree issues yearly
=336  \\$atext$2rdacontent
=337  \\$aunmediated$2rdamedia
=338  \\$avolume$2rdacarrier
=362  0\$aVol. 1, no. 1 (2009)-
=540  \\$aCurrent copyright fee: GBP37.00$c2\0$5Uk
=588  \\$aLatest issue consulted: volume 6, issue 1 (May 2014).
=650  \0$aMotion pictures$zJapan$vPeriodicals.
=650  \0$aMotion pictures$zKorea$vPeriodicals.
=776  0\$tJournal of Japanese & Korean cinema (Online)$x1756-4913
=852  41$aBritish Library$bHMNTS$jZK.9.a.11642$3Vol. 1, no. 1 (2009)-v. 7, no. 2 (2015)***title now taken as electronic copy only
=856  \\$31850-9999$uhttp://www.tandfonline.com/$xBLDSS
=945  \\$aJournal of Japanese and Korean cinema.
=979  \\$aBritish Library$bDSC$j5008.755000N
=985  \\$aISSN responsibility taken by United States ISSN Center, October 7 2014.
=ACF  \\$aPrevious Copyright Fee: GBP24.00$c2\0$e01-jan-2014$fGBP24.00$g0$hP$5Uk
=ACF  \\$aPrevious copyright fee: GBP25.00$c2\0$e01-jan-2015$fGBP25.00$g0$hP$5Uk
=ACF  \\$aPrevious copyright fee: GBP26.00$c2\0$e01-jan-2016$fGBP26.00$g0$hP$5Uk
=ACF  \\$aPrevious copyright fee: GBP28.00$c2\0$e01-jan-2017$fGBP28.00$g0$hP$5Uk
=ACF  \\$aPrevious copyright fee: GBP30.00$c2\0$e01-jan-2018$fGBP30.00$g0$hP$5Uk
=ACF  \\$aPrevious copyright fee: GBP32.00$c2\0$e01-jan-2019$fGBP32.00$g0$hP$5Uk
=ACF  \\$aPrevious copyright fee: GBP34.00$c2\0$e01-jan-2020$fGBP34.00$g0$hP$5Uk
=CAT  \\$a6537$b40$c20071204$lBLL01$h0901
=CAT  \\$a11205$b40$c20141001$lBLL01$h1418
=CAT  \\$a11313$b40$c20141007$lBLL01$h1113
=CAT  \\$aBATCH-UPD$b40$c20141124$lBLL01$h1804
=CAT  \\$aBLDSS-3PM$b00$c20141130$lBLL01$h1249
=CAT  \\$aIPL-CLA$c20141231$lBLL01$h1658
=CAT  \\$aBATCH-UPD$b00$c20151119$lBLL01$h1544
=CAT  \\$a3072$b40$c20151223$lBLL01$h1720
=CAT  \\$a3072$b40$c20151223$lBLL01$h1721
=CAT  \\$aIPL-CLA$c20151231$lBLL01$h1928
=CAT  \\$aBATCH-UPD$b00$c20160413$lBLL01$h1822
=CAT  \\$aBATCH-UPD$b00$c20161122$lBLL01$h1513
=CAT  \\$aBATCH-UPD$b00$c20161122$lBLL01$h1620
=CAT  \\$aIPL-CLA$c20161230$lBLL01$h2257
=CAT  \\$a5552$b40$c20170419$lBLL01$h0916
=CAT  \\$a5410$b40$c20170427$lBLL01$h1101
=CAT  \\$aBATCH-UPD$b40$c20171121$lBLL01$h1648
=CAT  \\$aIPL-CLA$c20171231$lBLL01$h1729
=CAT  \\$aBATCH-UPD$b00$c20181217$lBLL01$h1639
=CAT  \\$aIPL-CLA$c20181231$lBLL01$h1547
=CAT  \\$aBATCH-UPD$b00$c20191122$lBLL01$h1901
=CAT  \\$aIPL-CLA$c20191231$lBLL01$h2001
=CAT  \\$aBATCH-UPD$b00$c20201118$lBLL01$h1335
=CAT  \\$aIPL-CLA$c20201231$lBLL01$h2250
=CAT  \\$aBATCH-UPD$b00$c20221121$lBLL01$h1348
=CAT  \\$aIPL-CLA$c20221231$lBLL01$h2209
=CFI  0\$aCurrent copyright fee: GBP37.00$c2\0$e01-jan-2023$fGBP37.00$g0$hP$5Uk
=CFI  2\$aPrevious copyright fee: GBP35.00$c2\0$e01-jan-2021$fGBP35.00$g0$hP$5Uk
=FFP  \\$aY$bBLDSS-3PM
=FIN  \\$aY$d20100719
=FMT  \\$a  SE
=LAS  \\$aIPL-CLA$b00$c20221231$lBLL01$h2209
=LET  \0$aJournal of Japanese & Korean cinema (Print)
=TCO  \\$aCLA$bCLA$c008

