=LDR  04352cas a2201009 a 4500
=001  014462886
=003  Uk
=005  20221231144858.0
=006  m\\\\\\\\d\|\\\\\\
=007  cr||||||||||||
=008  071204c20099999enkfr\p\s\\\\\0\\\a0eng\\
=015  \\$aGBB5I6759$2bnb
=022  0\$a1756-4913$y1756-4905
=037  \\$aISSN_17564905_21$bPortico$nTaylor & Francis
=040  \\$aUk$beng$cUk$dUk
=042  \\$aukblsr
=082  04$a791.430951905$223
=222  \0$aJournal of Japanese & Korean cinema$b(Online)
=245  00$aJournal of Japanese & Korean cinema$h[electronic resource].
=246  3\$aJJKC
=246  3\$aJournal of Japanese and Korean cinema
=260  \\$aBristol :$bIntellect
=260  2\$32014- :$a[Abingdon] :$bTaylor & Francis
=264  31$a[Abingdon] :$bRoutledge, Taylor & Francis Group
=300  \\$aill.
=310  \\$aTwice a year
=321  \\$aThree issues yearly
=336  \\$atext$2rdacontent
=337  \\$acomputer$2rdamedia
=338  \\$aonline resource$2rdacarrier
=540  \\$aCurrent copyright fee: GBP37.00$c2\0$5Uk
=588  \\$aDescription based on: Vol. 1, no. 1 (2009); title from PDF of cover (Atypon, viewed May 31, 2011).
=588  \\$aLatest issue consulted: volume 7, issue 2 (2015); Taylor & Francis Online, viewed December 30, 2015.
=650  \0$aMotion pictures$zJapan$vPeriodicals.
=650  \0$aMotion pictures$zKorea$vPeriodicals.
=776  08$iPrint version:$tJournal of Japanese & Korean cinema$x1756-4905
=852  41$aBritish Library$bHMNTS$jELD Digital store$3Volume 8:Issue 1(2016)-
=856  \\$31850-9999$uhttp://www.tandfonline.com/$xBLDSS
=856  40$uhttp://www.tandfonline.com/loi/rjkc20
=859  \\$aELD$bejournal
=945  \\$aJournal of Japanese and Korean cinema.
=979  \\$aBritish Library$bDSC$j5008.755000N
=985  \\$aISSN responsibility taken by United States ISSN Center, October 7 2014.
=ACF  \\$aPrevious Copyright Fee: GBP24.00$c2\0$e01-jan-2014$fGBP24.00$g0$hP$5Uk
=ACF  \\$aPrevious copyright fee: GBP25.00$c2\0$e01-jan-2015$fGBP25.00$g0$hP$5Uk
=ACF  \\$aPrevious copyright fee: GBP26.00$c2\0$e01-jan-2016$fGBP26.00$g0$hP$5Uk
=ACF  \\$aPrevious copyright fee: GBP28.00$c2\0$e01-jan-2017$fGBP28.00$g0$hP$5Uk
=ACF  \\$aPrevious copyright fee: GBP30.00$c2\0$e01-jan-2018$fGBP30.00$g0$hP$5Uk
=ACF  \\$aPrevious copyright fee: GBP32.00$c2\0$e01-jan-2019$fGBP32.00$g0$hP$5Uk
=ACF  \\$aPrevious copyright fee: GBP34.00$c2\0$e01-jan-2020$fGBP34.00$g0$hP$5Uk
=CAT  \\$a6537$b40$c20071204$lBLL01$h0902
=CAT  \\$a3072$b40$c20151223$lBLL01$h1721
=CAT  \\$a3072$b40$c20151223$lBLL01$h1728
=CAT  \\$a3072$b40$c20151223$lBLL01$h1729
=CAT  \\$a3072$b40$c20151230$lBLL01$h1612
=CAT  \\$aIPL-CLA$c20151231$lBLL01$h1928
=CAT  \\$a8874$b40$c20160118$lBLL01$h0830
=CAT  \\$a8411$b40$c20160119$lBLL01$h1335
=CAT  \\$a14448$b40$c20160129$lBLL01$h1340
=CAT  \\$aBATCH-UPD$b40$c20160413$lBLL01$h1822
=CAT  \\$aBATCH-UPD$b40$c20160805$lBLL01$h0454
=CAT  \\$aBATCH-UPD$b40$c20161122$lBLL01$h1513
=CAT  \\$aIPL-CLA$c20161230$lBLL01$h2257
=CAT  \\$a5552$b40$c20170419$lBLL01$h0916
=CAT  \\$a5410$b40$c20170427$lBLL01$h1100
=CAT  \\$aBATCH-UPD$b40$c20171121$lBLL01$h1648
=CAT  \\$aW1711-1005$c20171206$lBLL01$h1820
=CAT  \\$aIPL-CLA$c20171231$lBLL01$h1729
=CAT  \\$aBATCH-UPD$b00$c20181217$lBLL01$h1639
=CAT  \\$aIPL-CLA$c20181231$lBLL01$h1547
=CAT  \\$aBATCH-UPD$b00$c20191122$lBLL01$h1901
=CAT  \\$aIPL-CLA$c20191231$lBLL01$h2001
=CAT  \\$aBATCH-UPD$b00$c20201118$lBLL01$h1335
=CAT  \\$aIPL-CLA$c20201231$lBLL01$h1530
=CAT  \\$aBATCH-UPD$b00$c20221121$lBLL01$h1348
=CAT  \\$aIPL-CLA$c20221231$lBLL01$h1448
=CFI  0\$aCurrent copyright fee: GBP37.00$c2\0$e01-jan-2023$fGBP37.00$g0$hP$5Uk
=CFI  2\$aPrevious copyright fee: GBP35.00$c2\0$e01-jan-2021$fGBP35.00$g0$hP$5Uk
=FFP  \\$aY$bBLDSS-3PM
=FIN  \\$aY$d20100719
=FMT  \\$a  SE
=LAS  \\$aIPL-CLA$b00$c20221231$lBLL01$h1448
=LET  \0$aJournal of Japanese & Korean cinema (Online)
=LKR  \\$aPAR$b014462883$lBLL01$r776$mJournal of Japanese & Korean cinema (Online)$nJournal of Japanese & Korean cinema (Print)
=MNI  \\$a1756-4905
=TCO  \\$aCLA$bCLA$c008
=TOC  \\$aETOC

