=LDR  04830cas a2201093 a 4500
=001  014475073
=003  Uk
=005  20230501153141.0
=006  m\\\\\\\\d\\\\\\\\
=007  cr\|||||||||||
=008  071218c20079999xxuar\p\s\\\\\0\\\a0eng\\
=015  \\$aGBB434932$2bnb
=022  0\$a1751-2409
=037  \\$aISSN_17512395$bPortico$nWiley
=040  \\$aUk$beng$cUk$dUk
=042  \\$aukblsr
=082  04$a361.6105$223
=130  0\$aSocial issues and policy review (Online)
=222  \0$aSocial issues and policy review$b(Online)
=245  10$aSocial issues and policy review$h[electronic resource].
=246  13$aSIPR
=260  \\$aMalden, MA ;$aOxford :$bBlackwell, for the Society for the Psychological Study of Social Issues,$c2007-
=264  31$a[Hoboken, NJ] :$bJohn Wiley & Sons, Inc.
=310  \\$aAnnual
=336  \\$atext$2rdacontent
=337  \\$acomputer$2rdamedia
=338  \\$aonline resource$2rdacarrier
=362  0\$aVolume 1, issue 1 (December 2007)-
=500  \\$aTitle from title screen via ESTAR.
=540  \\$aCurrent copyright fee: GBP39.00$c35\0$5Uk
=588  \\$aLatest issue consulted: volume 8, issue 1 (January 2014) (Wiley Online Library, viewed March 31, 2014).
=650  \0$aSocial problems$vPeriodicals.
=650  \0$aSocial psychology$vPeriodicals.
=650  \0$aSocial policy$xPsychological aspects$vPeriodicals.
=650  \0$aSociology$xPsychological aspects$vPeriodicals.
=690  7\$aSocial Welfare$2blcoll
=710  2\$aSociety for the Psychological Study of Social Issues.
=776  08$iAlso issued in print as:$tSocial issues and policy review$x1751-2395
=852  41$aBritish Library$bDSC$j8318.116990$3Volume 1(2007)-Volume 12:Issue 1(2018)***See ESTAR for full holdings.
=852  41$aBritish Library$bHMNTS$jELD Digital store$3Volume 7:Issue 1(2013)-***Previous issues available in print copy
=856  \\$31850-9999$uhttp://onlinelibrary.wiley.com/$xBLDSS
=856  40$uhttp://onlinelibrary.wiley.com/journal/10.1111/(ISSN)1751-2409
=859  \\$aELD$bejournal
=945  \\$aSocial issues and policy review
=959  \\$fHeld but not currently received
=979  \\$aBritish Library$bDSC$j8318.116990
=985  \\$aISSN responsibility taken by US ISSN Center (multinational publisher agreement), April 10 2014.
=ACF  \\$aPrevious Copyright Fee: GBP16.00$c10\0$e14-jan-2008$fGBP16.00$g0$hP$5Uk
=ACF  \\$aCurrent Copyright Fee: GBP22.00$c10\0$e18-dec-2007$fGBP22.00$g0$hP$5Uk
=ACF  \\$aPrevious copyright fee: GBP17.00$c10\0$e01-jan-2009$fGBP17.00$g0$hP$5Uk
=ACF  \\$aPrevious copyright fee: GBP22.00$c10\0$e01-jan-2011$fGBP22.00$g0$hP$5Uk
=ACF  \\$aPrevious copyright fee: GBP24.00$c10\0$e01-mar-2015$fGBP24.00$g0$hP$5Uk
=ACF  \\$aPrevious copyright fee: GBP24.00$c35\0$e07-mar-2017$fGBP24.00$g0$hP$5Uk
=ACF  \\$aPrevious copyright fee: GBP28.00$c35\0$e01-jan-2019$fGBP28.00$g0$hP$5Uk
=CAT  \\$a7174$b40$c20071218$lBLL01$h1020
=CAT  \\$aBATCH-CLA$b00$c20121109$lBLL01$h1723
=CAT  \\$aBATCH-CLA$b00$c20130526$lBLL01$h1702
=CAT  \\$a11205$b40$c20140331$lBLL01$h1713
=CAT  \\$a11205$b40$c20140331$lBLL01$h1719
=CAT  \\$a10983$b40$c20140402$lBLL01$h0918
=CAT  \\$aBATCH-SWP$c20140404$lBLL01$h2305
=CAT  \\$a11313$b40$c20140410$lBLL01$h1124
=CAT  \\$aBLDSS-3PM$b00$c20141214$lBLL01$h1524
=CAT  \\$aBATCH-UPD$b00$c20150215$lBLL01$h1631
=CAT  \\$aIPL-CLA$c20150228$lBLL01$h2053
=CAT  \\$aBATCH-UPD$b00$c20161023$lBLL01$h0927
=CAT  \\$aW1703-0316$c20170306$lBLL01$h1826
=CAT  \\$aW1703-0316$c20170307$lBLL01$h1649
=CAT  \\$aIPL-CLA$c20170307$lBLL01$h1824
=CAT  \\$aW1711-1005$c20171206$lBLL01$h1820
=CAT  \\$aBATCH-UPD$b00$c20180219$lBLL01$h1751
=CAT  \\$aW1805-0471$c20180520$lBLL01$h1139
=CAT  \\$aBATCH-UPD$b00$c20181121$lBLL01$h1624
=CAT  \\$aIPL-CLA$c20181231$lBLL01$h1547
=CAT  \\$aR1911-0245$c20191127$lBLL01$h0823
=CAT  \\$aR1911-0245$c20191127$lBLL01$h1045
=CAT  \\$aIPL-CLA$c20191231$lBLL01$h2001
=CAT  \\$aW2111-0842$c20211208$lBLL01$h1942
=CAT  \\$aIPL-CLA$c20211231$lBLL01$h1544
=CAT  \\$a5410$b40$c20230501$lBLL01$h1531
=CFI  0\$aCurrent copyright fee: GBP39.00$c35\0$e01-jan-2022$fGBP39.00$g0$hP$5Uk
=CFI  2\$aPrevious Copyright Fee: GBP32.00$c35\0$e01-jan-2020$fGBP32.00$g0$hP$5Uk
=EST  \\$a1
=FFP  \\$aY$bBLDSS-3PM
=FIN  \\$aY$d20140331
=FMT  \\$a  SE
=LAS  \\$a5410$b40$c20230501$lBLL01$h1531
=LET  \0$aSocial issues and policy review (Electronic)
=LKR  \\$aPAR$b013460181$lBLL01$nSocial issues and policy review (Print)$mSocial issues and policy review (Online)$r776
=MNI  \\$a1751-2395
=TCO  \\$aTRS$bCCC$c008
=TCO  \\$aCLA$bCLA$c008
=TOC  \\$aETOC
=UNO  \\$aY

