=LDR  04925cas a2201201 a 4500
=001  014475592
=003  Uk
=005  20221231144900.0
=006  m\\\\\o\\d\s\\\\\\
=007  cr\cn|||||||||
=008  031223c20039999enk\x\pso\\\\s0\\\a0eng\c
=010  \\$a  2003252830
=015  \\$aGBB5F3297$2bnb
=016  7\$a101201501$2DNLM
=022  \\$a1678-9199
=035  \\$a(OCoLC)53950335
=037  \\$a???$bBioMed Central
=040  \\$aWAU$beng$cWAU$dNLM$dOCLCQ$dCGU$dAGL$dOCL$dOCLCQ$dCUV$dOCLCF$dEUW$dOCLCO$dUk
=042  \\$aukblsr
=050  14$aQL100
=060  00$aW1$bJO97G
=070  0\$aQL100$b.J68
=072  \0$aX380
=072  \0$aL600
=072  \0$aF600
=082  04$a615.9405$223
=210  00$aJ. venom. anim. toxins incl. trop. dis.$b(Online)
=222  \4$aThe journal of venomous animals and toxins including tropical diseases$b(Online)
=245  04$aThe journal of venomous animals and toxins including tropical diseases$h[electronic resource].
=260  \\$aBotucatu, SP, Brazil :$bCEVAP,$cc2003-
=264  31$3<2013>-$aLondon :$bBioMed Central
=310  \\$aIrregular,$b<2013?>-
=321  \\$aThree no. a year,$b2004-<2012?>
=321  \\$aSemiannual,$b2003
=336  \\$atext$2rdacontent
=337  \\$acomputer$2rdamedia
=362  0\$aVol. 9, no. 1 (2003)-
=500  \\$aTitle from contents (SciELO, viewed Dec. 29, 2003).
=515  \\$aFrom <2013?>-, articles added consecutively to current annual volume.
=538  \\$aMode of access: World Wide Web.
=540  \\$aCurrent Copyright Fee: GBP25.00$c0$5Uk
=546  \\$aTo 2012, search interface in Portuguese and Spanish. Articles in English.
=588  \\$aLatest issue consulted: Volume 21 (2015) (BioMed Central, viewed October 21, 2015).
=650  \0$aPoisonous animals$vPeriodicals.
=650  \0$aVenom$vPeriodicals.
=650  \0$aToxins$vPeriodicals.
=650  \0$aTropical medicine$vPeriodicals.
=650  \2$aVenoms$vPeriodicals.
=650  \2$aToxins$vPeriodicals.
=650  \2$aAnimals, Poisonous$vPeriodicals.
=650  \2$aTropical Medicine$vPeriodicals.
=650  12$aAnimals, Poisonous$vPeriodicals.
=650  22$aVenoms$vPeriodicals.
=650  22$aTropical Medicine$vPeriodicals.
=650  22$aToxins$vPeriodicals.
=650  \7$aPoisonous animals.$2fast$0(OCoLC)fst01068156
=650  \7$aTropical medicine.$2fast$0(OCoLC)fst01157469
=650  \7$aVenom.$2fast$0(OCoLC)fst01165238
=655  \7$aPeriodicals.$2fast$0(OCoLC)fst01411641
=655  \0$aElectronic journals.
=710  2\$aUniversidade Estadual Paulista.$bCentro de Estudos de Venenos e Animais Peçonhentos.
=776  08$iAlso issued on CD-Rom as:$tJournal of venomous animals and toxins including tropical diseases$x1678-9180
=780  00$tJournal of venomous animals and toxins$x1678-4936
=852  41$aBritish Library$bHMNTS$jELD Digital store$3Volume 21:Issue 1(2015)-Volume 24:Issue 1(2018)
=856  40$uhttp://bibpurl.oclc.org/web/7835
=856  40$uhttp://www.jvat.org/
=859  \\$aELD$bejournal
=945  \\$aJournal of Venomous Animals and Toxins Including tropical Diseases -Electronic Edition-
=979  \\$aBritish Library$cDSC$j5072.287000N
=985  \\$aISSN responsibility transfer in process (Richard, 21/10/15)
=ACF  \\$aPrevious copyright fee: zero$c22\1$e16-jan-2019$fGBP0.00$g0$hP$5Uk
=ACF  \\$aPrevious copyright fee: GBP17.50$c0$e17-apr-2019$fGBP17.50$g0$hA$5Uk
=ACF  \\$aPrevious Copyright Fee: GBP20.00$c0$e01-jan-2020$fGBP20.00$g0$hA$5Uk
=CAT  \\$a8193$b40$c20071218$lBLL01$h1510
=CAT  \\$aWR12_168$c20121206$lBLL01$h1818
=CAT  \\$a8124$b40$c20151021$lBLL01$h1210
=CAT  \\$a8124$b40$c20151021$lBLL01$h1218
=CAT  \\$a10806$b40$c20151021$lBLL01$h1325
=CAT  \\$a14412$b40$c20151114$lBLL01$h0733
=CAT  \\$aBATCH-CLA$b00$c20151127$lBLL01$h1630
=CAT  \\$aWR15058$c20151230$lBLL01$h1441
=CAT  \\$aW1711-1005$c20171206$lBLL01$h1820
=CAT  \\$a5552$b40$c20190116$lBLL01$h1051
=CAT  \\$aBATCH-UPD$b40$c20190123$lBLL01$h0053
=CAT  \\$aBLDSS-3PM$b00$c20190130$lBLL01$h1513
=CAT  \\$aBATCH-UPD$b00$c20190130$lBLL01$h1516
=CAT  \\$a12654$b40$c20190417$lBLL01$h1546
=CAT  \\$aDEL-3PM$c20190424$lBLL01$h1558
=CAT  \\$aBATCH-CLA$b00$c20191219$lBLL01$h1745
=CAT  \\$aIPL-CLA$c20191231$lBLL01$h2001
=CAT  \\$aR2001-1524$c20200127$lBLL01$h2036
=CAT  \\$aBATCH-CLA$b00$c20201204$lBLL01$h1553
=CAT  \\$aIPL-CLA$c20201231$lBLL01$h1530
=CAT  \\$aBATCH-CLA$b00$c20221221$lBLL01$h1905
=CAT  \\$aIPL-CLA$c20221231$lBLL01$h1449
=CFI  0\$aCurrent Copyright Fee: GBP25.00$c0$e01-jan-2023$fGBP25.00$g0$hA$5Uk
=CFI  2\$aPrevious Copyright Fee: GBP22.50$c0$e01-jan-2021$fGBP22.50$g0$hA$5Uk
=FIN  \\$aY$d20151021
=FMT  \\$a  SE
=LAS  \\$aIPL-CLA$b00$c20221231$lBLL01$h1449
=SID  \\$aZ39$bOCLC
=TCO  \\$aXXX$c008
=UNO  \\$aY

