=LDR  05506cas a2201225 a 4500
=001  014504682
=003  Uk
=005  20230511162942.0
=006  m\\\\\o\\u\\\\\\\\
=007  cr\mnu||||||||
=008  080414c20059999enkfr\pso\\\\\0\\\a0eng\d
=016  7\$a2426062-9$2DE-600
=022  \\$a1865-5831$l1781-6858
=035  \\$a(OCoLC)223502400
=037  \\$aeuva$bSage (UK) Ltd
=040  \\$aKKS$beng$cKKS$dOCLCS$dCIT$dHEBIS$dOCLCQ$dVT2$dUk
=042  \\$aukblsr
=043  \\$ae------
=050  14$aD1050
=082  04$a320.94$223
=210  1\$aEur. view$b(Internet)
=222  \0$aEuropean view$b(Internet)
=245  00$aEuropean view$h[electronic resource].
=260  \\$aBerlin :$bSpringer
=264  31$32018-$a[London] :$bSAGE
=310  \\$aSemiannual,$b2008-
=336  \\$atext$2rdacontent
=337  \\$acomputer$2rdamedia
=338  \\$aonline resource$2rdacarrier
=362  1\$aBegan with: V. 1 (spring 2005).
=540  \\$aCurrent copyright fee: zero$c19\0$5Uk
=588  \\$aDescription based on: Vol. 6, no. 1 (Dec. 2007); title from contents screen (SpringerLink, viewed Apr. 14, 2008).
=588  \\$aLatest issue consulted: volume 17, issue 1 (April 2018) (SAGE journals, viewed October 18, 2018).
=650  \0$aPolitical science$zEurope$vPeriodicals.
=651  \0$aEurope$vPeriodicals.
=655  \0$aElectronic journals.
=710  2\$aCentre for European Studies (Brussels, Belgium)
=710  2\$aWilfried Martens Centre for European Studies.
=776  08$iPrint version:$tEuropean view$x1781-6858
=852  41$aBritish Library$bDSC$j3830.370614$3Volume 6:Issue 1(2007)-Volume 13:Issue 2(2014)***See ESTAR for full holdings.
=852  41$aBritish Library$bHMNTS$jELD Digital store$3Volume 12:Issue 1(2013)-
=856  \\$31850-9999$uhttp://www.springer.com/gb/$xBLDSS
=856  40$uhttp://link.springer.com/journal/12290
=856  40$uhttp://springerlink.com/content/1865-5831
=856  40$uhttp://www.bibliothek.uni-regensburg.de/ezeit/?2426062$xEZB
=856  40$uhttp://www.epp.eu/hoofdpagina.php?hoofdmenuID=7$xVerlag; 1.2005 - 4.2006
=856  40$uhttp://www.springerlink.com/openurl.asp?genre=journal&issn=1781-6858
=856  40$uhttp://www.thinkingeurope.eu/publications_ceswatch_europeanview.asp$xVerlag; 1.2005 - 5.2007
=856  40$uhttp://journals.sagepub.com/home/euv
=859  \\$aELD$bejournal
=945  \\$aEuropean View
=959  \\$fHeld but not currently received
=985  \\$aISSN responsibility transfer from ISSN Deutschland to ISSN UK pending (Richard, 18/10/18)
=ACF  \\$aPrevious copyright fee: GBP31.96$c22\3$e01-apr-2017$fGBP31.96$g0$hP$5Uk
=ACF  \\$aPrevious copyright fee: GBP21.25$c22\3$e01-jan-2009$fGBP21.25$g0$hP$5Uk
=ACF  \\$aPrevious Copyright Fee: GBP16.75$c22\3$e29-jan-2008$fGBP16.75$g0$hP$5Uk
=ACF  \\$aPrevious copyright fee: GBP22.00$c22\3$e01-apr-2009$fGBP22.00$g0$hP$5Uk
=ACF  \\$aPrevious copyright fee: GBP22.00$c22\3$e12-aug-2012$fGBP22.00$g0$hP$5Uk
=ACF  \\$aPrevious copyright fee: GBP25.00$c22\3$e01-jan-2013$fGBP25.00$g0$hP$5Uk
=ACF  \\$aPrevious copyright fee: GBP25.77$c22\3$e01-jul-2013$fGBP25.77$g0$hP$5Uk
=ACF  \\$aPrevious copyright fee: GBP24.97$c22\3$e01-jan-2014$fGBP24.97$g0$hP$5Uk
=ACF  \\$aPrevious copyright fee: GBP24.21$c22\3$e01-jul-2014$fGBP24.21$g0$hP$5Uk
=ACF  \\$aPrevious copyright fee: GBP25.77$c22\3$e01-apr-2015$fGBP25.77$g0$hP$5Uk
=ACF  \\$aPrevious copyright fee: GBP26.63$c22\3$e01-jul-2015$fGBP26.63$g0$hP$5Uk
=ACF  \\$aPrevious copyright fee: GBP25.77$c22\3$e01-oct-2015$fGBP25.77$g0$hP$5Uk
=ACF  \\$aPrevious copyright fee: GBP27.55$c22\3$e01-apr-2016$fGBP27.55$g0$hP$5Uk
=ACF  \\$aPrevious copyright fee: GBP29.59$c22\3$e01-oct-2016$fGBP29.59$g0$hP$5Uk
=CAT  \\$a7174$b40$c20080129$lBLL01$h1022
=CAT  \\$aBLDSS-3PM$b00$c20150103$lBLL01$h1046
=CAT  \\$aBATCH-UPD$b00$c20150219$lBLL01$h1743
=CAT  \\$a8055$b40$c20150324$lBLL01$h1358
=CAT  \\$aIPL-CLA$c20150331$lBLL01$h1656
=CAT  \\$aBATCH-UPD$b00$c20150520$lBLL01$h1751
=CAT  \\$aIPL-CLA$c20150630$lBLL01$h1700
=CAT  \\$aBATCH-UPD$b00$c20150820$lBLL01$h1838
=CAT  \\$aIPL-CLA$c20150930$lBLL01$h1825
=CAT  \\$aBATCH-UPD$b00$c20160217$lBLL01$h1728
=CAT  \\$aIPL-CLA$c20160331$lBLL01$h1748
=CAT  \\$aBATCH-UPD$b00$c20160524$lBLL01$h2212
=CAT  \\$aBATCH-UPD$b00$c20160525$lBLL01$h0033
=CAT  \\$aBATCH-UPD$b00$c20160824$lBLL01$h1756
=CAT  \\$aIPL-CLA$c20160930$lBLL01$h1619
=CAT  \\$aBATCH-UPD$b00$c20170216$lBLL01$h1844
=CAT  \\$aIPL-CLA$c20170331$lBLL01$h1857
=CAT  \\$aBATCH-UPD$b00$c20170904$lBLL01$h1853
=CAT  \\$a14849$b40$c20170919$lBLL01$h0946
=CAT  \\$aIPL-CLA$c20170929$lBLL01$h1743
=CAT  \\$aW1711-1005$c20171206$lBLL01$h1820
=CAT  \\$a5552$b40$c20180129$lBLL01$h1315
=CAT  \\$a14412$b40$c20180320$lBLL01$h1427
=CAT  \\$a10806$b40$c20181018$lBLL01$h1133
=CAT  \\$a8323$b40$c20210304$lBLL01$h1310
=CAT  \\$aBATCH-FIX$c20230511$lBLL01$h1629
=CFI  0\$aCurrent copyright fee: zero$c19\0$e29-jan-2018$fGBP0.00$g0$hP$5Uk
=CFI  2\$aPrevious copyright fee: GBP30.73$c22\3$e01-oct-2017$fGBP30.73$g0$hP$5Uk
=EST  \\$a1
=FFP  \\$aY$bBLDSS-3PM
=FIN  \\$aY$d20131009
=FMT  \\$a  SE
=LAS  \\$aBATCH-FIX$b00$c20230511$lBLL01$h1629
=MNI  \\$a1781-6858
=SID  \\$aZ39$bOCLC
=TCO  \\$aDEU$bVG WORT$c008
=TOC  \\$aETOC
=UNO  \\$aY

