=LDR  04445cas a2201069 a 4500
=001  014509151
=003  Uk
=005  20211231154418.0
=006  m\\\\\o\\d\\\\\\\\
=007  cr\|||||||||||
=008  090331c20099999njuqr\p\o\\\\\0\\\a0eng\\
=010  \\$a2010200303
=015  \\$aGBB350916$2bnb
=022  0\$a1756-8765$21
=035  \\$a(OCoLC)317493815
=037  \\$aISSN_17568757$bPortico$nWiley
=040  \\$aAFU$beng$cAFU$dDLC$dMYG$dBUF$dOCLCQ$dUk
=042  \\$ansdp$aukblsr
=050  10$aISSN RECORD
=050  \4$aBF311$b.T654
=060  \4$aW1$bTO539LJ
=082  04$a153.05$223
=130  0\$aTopics in cognitive science (Online)
=210  0\$aTop. cogn. sci.$b(Online)
=222  \0$aTopics in cognitive science$b(Online)
=245  10$aTopics in cognitive science$h[electronic resource].
=246  13$aJournal of the Cognitive Science Society
=246  1\$iTitle from PDF cover:$aTopiCS
=260  \\$aHoboken, NJ :$bWiley & Sons
=310  \\$aQuarterly
=336  \\$atext$2rdacontent
=337  \\$acomputer$2rdamedia
=338  \\$aonline resource$2rdacarrier
=362  1\$aBegan with: Vol. 1, issue 1 (Jan. 2009).
=540  \\$aCurrent copyright fee: GBP39.00$c35\0$5Uk
=588  \\$aDescription based on: Vol. 1, issue 1 (Jan. 2009); title from caption (Wiley Online Library, viewed Dec. 15, 2010).
=588  \\$aLatest issue consulted: Vol. 3, issue 2 (Apr. 2011) (Wiley Online Library, viewed Apr. 26, 2011).
=650  \0$aCognitive science$vPeriodicals.
=650  12$aCognitive Science$vPeriodicals.
=700  1\$aGray, Wayne D.,$d1950-
=710  2\$aCognitive Science Society (U.S.)
=776  08$iPrint version:$tTopics in cognitive science$x1756-8757
=852  41$aBritish Library$bHMNTS$jELD Digital store$3Volume 5:Number 1(2013:Jan.)-***Previous issues available in print copy
=856  \\$31850-9999$uhttp://onlinelibrary.wiley.com/$xBLDSS
=856  40$uhttp://onlinelibrary.wiley.com/journal/10.1111/(ISSN)1756-8765
=856  40$uhttp://www3.interscience.wiley.com/journal/121673067/toc
=859  \\$aELD$bejournal
=945  \\$aTopics in cognitive science.
=979  \\$aBritish Library$bDSC$j8867.433100N
=985  \\$aResponsibility for ISSN transferred to US ISSN Centre from ISSN UK Centre, 03.08.2010
=ACF  \\$aPrevious copyright fee: GBP17.00$c35\0$e01-jan-2009$fGBP17.00$g0$hP$5Uk
=ACF  \\$aPrevious copyright fee: GBP22.00$c35\0$e01-jan-2011$fGBP22.00$g0$hP$5Uk
=ACF  \\$aPrevious copyright fee: GBP24.00$c35\0$e01-mar-2015$fGBP24.00$g0$hP$5Uk
=ACF  \\$aPrevious copyright fee: GBP28.00$c35\0$e01-jan-2019$fGBP28.00$g0$hP$5Uk
=CAT  \\$a6537$b40$c20080130$lBLL01$h1117
=CAT  \\$a11313$b40$c20100803$lBLL01$h1430
=CAT  \\$aBATCH-UPD$b40$c20101116$lBLL01$h1335
=CAT  \\$aIPL-CLA$c20101231$lBLL01$h1524
=CAT  \\$a5997$b40$c20130524$lBLL01$h1116
=CAT  \\$a5997$b40$c20130524$lBLL01$h1119
=CAT  \\$aWR13.114$c20130717$lBLL01$h1314
=CAT  \\$aBATCH-PORT$c20130829$lBLL01$h1114
=CAT  \\$aWR14_009$c20140204$lBLL01$h2343
=CAT  \\$aBLDSS-3PM$b00$c20141214$lBLL01$h1525
=CAT  \\$aBATCH-UPD$b00$c20150215$lBLL01$h1700
=CAT  \\$aIPL-CLA$c20150228$lBLL01$h2053
=CAT  \\$aBATCH-UPD$b00$c20160413$lBLL01$h1822
=CAT  \\$aBATCH-UPD$b00$c20160615$lBLL01$h0532
=CAT  \\$a5552$b40$c20170213$lBLL01$h1327
=CAT  \\$aW1711-1005$c20171206$lBLL01$h1820
=CAT  \\$aBATCH-UPD$b00$c20180219$lBLL01$h1752
=CAT  \\$a5410$b40$c20180327$lBLL01$h1038
=CAT  \\$aBATCH-UPD$b40$c20181121$lBLL01$h1624
=CAT  \\$aIPL-CLA$c20181231$lBLL01$h1547
=CAT  \\$aR1911-0245$c20191127$lBLL01$h0823
=CAT  \\$aR1911-0245$c20191127$lBLL01$h1045
=CAT  \\$a5410$b40$c20191211$lBLL01$h1108
=CAT  \\$aIPL-CLA$c20191231$lBLL01$h2002
=CAT  \\$aW2111-0842$c20211208$lBLL01$h1942
=CAT  \\$aIPL-CLA$c20211231$lBLL01$h1544
=CFI  0\$aCurrent copyright fee: GBP39.00$c35\0$e01-jan-2022$fGBP39.00$g0$hP$5Uk
=CFI  2\$aPrevious Copyright Fee: GBP32.00$c35\0$e01-jan-2020$fGBP32.00$g0$hP$5Uk
=FFP  \\$aY$bBLDSS-3PM
=FIN  \\$aY$d20130524
=FMT  \\$a  SE
=LAS  \\$aIPL-CLA$b00$c20211231$lBLL01$h1544
=LKR  \\$aPAR$b014509152$lBLL01$nTopics in cognitive science (Print)$mTopics in cognitive science (Online)$r776
=MNI  \\$a1756-8757
=SID  \\$aZ39$bOCLC
=TCO  \\$aCLA$bCLA$c008
=TOC  \\$aETOC
=UNO  \\$aY

