=LDR  03442cas a2200853 a 4500
=001  014509152
=003  Uk
=005  20211231172531.0
=007  ta
=008  080130c20099999enkqr\p\\\\\\\0\\\a0eng\\
=015  \\$aGBA924178$2bnb
=022  \\$a1756-8757
=040  \\$aUk$beng$cUk
=042  \\$aukblsr
=082  04$a153.05$222
=222  \0$aTopics in cognitive science$b(Print)
=245  00$aTopics in cognitive science :$bTopiCS.
=246  30$aTopiCS
=260  \\$aHoboken NJ :$bWiley Subscription Service,$c2009-
=300  \\$av. ;$c26 cm.
=310  \\$aQuarterly
=336  \\$atext$2rdacontent
=337  \\$aunmediated$2rdamedia
=338  \\$avolume$2rdacarrier
=362  0\$aVol. 1, no. 1 (Jan. 2009)-
=540  \\$aCurrent copyright fee: GBP39.00$c35\0$5Uk
=550  \\$aJournal of the Cognitive Science Society.
=650  \0$aCognitive science$vPeriodicals.
=710  2\$aCognitive Science Society (U.S.)
=776  08$iAlso issued online as:$tTopics in cognitive science (Online)$x1756-8765
=852  41$aBritish Library$bHMNTS$jZC.9.a.8267$3Vol. 1, no. 1 (2009:Jan.)-v. 5, no. 2 (2013)***title now taken as electronic copy only
=856  \\$31850-9999$uhttp://onlinelibrary.wiley.com/$xBLDSS
=945  \\$aTopics in cognitive science.
=979  \\$aBritish Library$bDSC$j8867.433100N
=985  \\$aResponsibility for ISSN transferred to US ISSN Centre from ISSN UK Centre, 03.08.2010
=ACF  \\$aPrevious copyright fee: GBP17.00$c35\0$e01-jan-2009$fGBP17.00$g0$hP$5Uk
=ACF  \\$aPrevious copyright fee: GBP22.00$c35\0$e01-jan-2011$fGBP22.00$g0$hP$5Uk
=ACF  \\$aPrevious copyright fee: GBP24.00$c35\0$e01-mar-2015$fGBP24.00$g0$hP$5Uk
=ACF  \\$aPrevious copyright fee: GBP28.00$c35\0$e01-jan-2019$fGBP28.00$g0$hP$5Uk
=CAT  \\$a6537$b40$c20080130$lBLL01$h1117
=CAT  \\$a5552$b40$c20081112$lBLL01$h1000
=CAT  \\$aBATCH$b00$c20081124$lBLL01$h1134
=CAT  \\$aBATCH-UPD$b00$c20090101$lBLL01$h0057
=CAT  \\$aBATCH$b00$c20090101$lBLL01$h0232
=CAT  \\$a5997$b40$c20090309$lBLL01$h0918
=CAT  \\$a5997$b40$c20090309$lBLL01$h0923
=CAT  \\$a11313$b40$c20100803$lBLL01$h1415
=CAT  \\$aBATCH-UPD$b40$c20101116$lBLL01$h1335
=CAT  \\$aIPL-CLA$c20101231$lBLL01$h1524
=CAT  \\$a5997$b40$c20130524$lBLL01$h1118
=CAT  \\$aWR14_140$c20140905$lBLL01$h1817
=CAT  \\$aBLDSS-3PM$b00$c20141214$lBLL01$h1525
=CAT  \\$aBATCH-UPD$b00$c20150215$lBLL01$h1700
=CAT  \\$aIPL-CLA$c20150228$lBLL01$h2053
=CAT  \\$aBATCH-UPD$b00$c20160413$lBLL01$h1822
=CAT  \\$a5552$b40$c20170213$lBLL01$h1327
=CAT  \\$aBATCH-UPD$b40$c20180219$lBLL01$h1752
=CAT  \\$a5410$b40$c20180327$lBLL01$h1038
=CAT  \\$aBATCH-UPD$b40$c20181121$lBLL01$h1624
=CAT  \\$aIPL-CLA$c20181231$lBLL01$h1547
=CAT  \\$aR1911-0245$c20191127$lBLL01$h0823
=CAT  \\$aR1911-0245$c20191127$lBLL01$h1045
=CAT  \\$aIPL-CLA$c20191231$lBLL01$h2002
=CAT  \\$aW2111-0842$c20211208$lBLL01$h1942
=CAT  \\$aIPL-CLA$c20211231$lBLL01$h1725
=CFI  0\$aCurrent copyright fee: GBP39.00$c35\0$e01-jan-2022$fGBP39.00$g0$hP$5Uk
=CFI  2\$aPrevious Copyright Fee: GBP32.00$c35\0$e01-jan-2020$fGBP32.00$g0$hP$5Uk
=FFP  \\$aY$bBLDSS-3PM
=FIN  \\$aY$d20090309
=FMT  \\$a  SE
=LAS  \\$aIPL-CLA$b00$c20211231$lBLL01$h1725
=LET  \0$aTopics in cognitive science (Print)
=TCO  \\$aCLA$bCLA$c008
=UNO  \\$aY

