=LDR  06701cas a2201309 a 4500
=001  014523777
=003  Uk
=005  20221231144906.0
=007  ta
=008  080219c19959999ru\mr\p\\\\\\\0\\\a0eng\\
=019  c\$a2452781
=022  0\$a1757-1820$y0965-545X
=040  \\$aUk$beng$cUk$dUk
=041  1\$aeng$hrus
=082  04$a547.7005$222
=084  \\$aMF 30$2blsrissc
=130  0\$aVysokomolekuli︠a︡rnye soedinenii︠a︡.$nSerii︠a︡ A.$lEnglish.
=210  0\$aPolym. sci. A Chem. phys.
=222  \0$aPolymer science. Series A, Chemistry, physics
=245  10$aPolymer science.$nSeries A,$pChemistry, physics /$cRussian Academy of Sciences.
=246  14$aPolymer science.$nSeries A,$pPolymer physics
=260  \\$aMoscow :$bMAIK Nauka/Interperiodica Pub.,$cc1995-
=260  2\$32006-$aTortola, British Virgin Islands :$bPleiades
=260  3\$a[Moscow] :$bMAIK Nauka/Interperiodica ;$a[Heidelberg] :$bdistributed by Springer
=300  \\$av. :$bill. ;$c28 cm.
=310  \\$aMonthly
=336  \\$atext$2rdacontent
=337  \\$aunmediated$2rdamedia
=338  \\$avolume$2rdacarrier
=362  0\$aVol. 37, no. 10 (Oct. 1995)-
=500  \\$aTitle from cover.
=540  \\$aCurrent copyright fee: GBP29.95$c22\1$5Uk
=580  \\$aEnglish translation of Series A content of Vysokomolekulyarnye soedineniya, Serii︠a︡ A i Serii︠a︡ B, from the Russian Academy of Sciences.
=595  \\$aComes with 14523938, 9181043 and 14582977. Formerly 0416.905 up to Vol. 33(1), 1991. See also 0416.905 for other external holdings.
=650  \0$aPolymers$vPeriodicals.
=650  \0$aPolymerization$vPeriodicals.
=710  2\$aRossiĭskai︠a︡ akademii︠a︡ nauk.
=765  1\$tVysokomolekuli︠a︡rnye soedinenii︠a︡. Serii︠a︡ A i Serii︠a︡ B$x1023-3091
=780  00$tVysokomolekuli︠a︡rnye soedinenii︠a︡. Serii︠a︡ A. English. Polymer science. Series A$x0965-545X
=787  0\$tKlei. germetiki. tekhnologii. English. Polymer science. Series D, Glues and sealing materials
=852  41$aBritish Library$bDSC$j0416.904000$3Vol. 33, no. 2 (1991)-v. 52, no. 12 (2010)***UKRR Retained Title***Stock Incomplete
=852  71$aBritish Library$bSTI$k(P)$hMF 30$m-E(2)$2blsrissc$3Vol. 37, no. 10 (Oct. 1995)-v. 53, no. 12 (2011); Deficient: vol.41, no.7
=856  \\$31850-9999$uhttp://www.springer.com/gb/$xBLDSS
=945  \\$aPolymer science series A C/C of Vysokomolekuliarnye soedineniia
=959  \\$fHeld but not currently received
=963  \\$aCA/U-2 VOL. 33(2), 1991- 33(12), 1992 *A=1$bN
=985  \\$aISSN responsibility transfered to ISSN International Centre. 10/7/08
=ACF  \\$aPrevious copyright fee: GBP21.25$c22\8$e01-jan-2009$fGBP21.25$g0$hP$5Uk
=ACF  \\$aPrevious copyright fee: GBP16.75$c22\8$e01-jan-2007$fGBP16.75$g0$hP$5Uk
=ACF  \\$aPrevious Copyright Fee: GBP16.22$c0$e01-oct-2006$fGBP16.22$g0$hC$5Uk
=ACF  \\$aPrevious Copyright Fee: GBP17.14$c0$e01-jul-2006$fGBP17.14$g0$hC$5Uk
=ACF  \\$aPrevious Copyright Fee: GBP17.14$c0$e01-apr-2006$fGBP17.14$g0$hC$5Uk
=ACF  \\$aPrevious Copyright Fee: GBP16.67$c0$e01-jan-2006$fGBP16.67$g0$hC$5Uk
=ACF  \\$aPrevious Copyright Fee: GBP16.22$c0$e01-oct-2005$fGBP16.22$g0$hC$5Uk
=ACF  \\$aPrevious Copyright Fee: GBP0.95$c0$e01-jul-2005$fGBP0.95$g0$hC$5Uk
=ACF  \\$aPrevious Copyright Fee: GBP0.95$c0$e01-apr-2005$fGBP0.95$g0$hC$5Uk
=ACF  \\$aPrevious Copyright Fee: GBP0.97$c0$e01-jan-2005$fGBP0.97$g0$hC$5Uk
=ACF  \\$aPrevious Copyright Fee: GBP0.95$c0$e01-oct-2004$fGBP0.95$g0$hC$5Uk
=ACF  \\$aPrevious copyright fee: GBP22.00$c22\8$e01-apr-2009$fGBP22.00$g0$hP$5Uk
=ACF  \\$aPrevious copyright fee: GBP22.00$c22\8$e12-aug-2012$fGBP22.00$g0$hP$5Uk
=ACF  \\$aPrevious copyright fee: GBP25.00$c22\8$e01-jan-2013$fGBP25.00$g0$hP$5Uk
=ACF  \\$aPrevious copyright fee: GBP25.77$c22\8$e01-jul-2013$fGBP25.77$g0$hP$5Uk
=ACF  \\$aPrevious copyright fee: GBP24.97$c22\8$e01-jan-2014$fGBP24.97$g0$hP$5Uk
=ACF  \\$aPrevious copyright fee: GBP24.21$c22\8$e01-jul-2014$fGBP24.21$g0$hP$5Uk
=ACF  \\$aPrevious copyright fee: GBP25.77$c22\8$e01-apr-2015$fGBP25.77$g0$hP$5Uk
=ACF  \\$aPrevious copyright fee: GBP26.63$c22\8$e01-jul-2015$fGBP26.63$g0$hP$5Uk
=ACF  \\$aPrevious copyright fee: GBP25.77$c22\8$e01-oct-2015$fGBP25.77$g0$hP$5Uk
=ACF  \\$aPrevious copyright fee: GBP27.55$c22\8$e01-apr-2016$fGBP27.55$g0$hP$5Uk
=ACF  \\$aPrevious copyright fee: GBP29.59$c22\8$e01-oct-2016$fGBP29.59$g0$hP$5Uk
=ACF  \\$aPrevious copyright fee: GBP31.96$c22\8$e01-apr-2017$fGBP31.96$g0$hP$5Uk
=ACF  \\$aPrevious copyright fee: GBP30.73$c22\8$e01-oct-2017$fGBP30.73$g0$hP$5Uk
=ACF  \\$aPrevious copyright fee: GBP28.54$c22\8$e01-apr-2018$fGBP28.54$g0$hP$5Uk
=CAT  \\$a8874$b40$c20080219$lBLL01$h1106
=CAT  \\$aIPL-CLA$c20140630$lBLL01$h1739
=CAT  \\$aBLDSS-3PM$b00$c20150103$lBLL01$h1046
=CAT  \\$aBATCH-UPD$b00$c20150219$lBLL01$h1756
=CAT  \\$aIPL-CLA$c20150331$lBLL01$h1656
=CAT  \\$aBATCH-UPD$b00$c20150520$lBLL01$h1759
=CAT  \\$aIPL-CLA$c20150630$lBLL01$h1700
=CAT  \\$aBATCH-UPD$b00$c20150820$lBLL01$h1846
=CAT  \\$aIPL-CLA$c20150930$lBLL01$h1826
=CAT  \\$aBATCH-UPD$b00$c20160217$lBLL01$h1738
=CAT  \\$aIPL-CLA$c20160331$lBLL01$h1748
=CAT  \\$aBATCH-UPD$b00$c20160413$lBLL01$h1822
=CAT  \\$aBATCH-UPD$b00$c20160524$lBLL01$h2212
=CAT  \\$aBATCH-UPD$b00$c20160525$lBLL01$h0033
=CAT  \\$aBATCH-UPD$b00$c20160824$lBLL01$h1804
=CAT  \\$aIPL-CLA$c20160930$lBLL01$h1619
=CAT  \\$aBATCH-UPD$b00$c20170216$lBLL01$h1853
=CAT  \\$aIPL-CLA$c20170331$lBLL01$h1857
=CAT  \\$aBATCH-UPD$b00$c20170904$lBLL01$h1903
=CAT  \\$aIPL-CLA$c20170929$lBLL01$h1743
=CAT  \\$aBATCH-UPD$b00$c20180223$lBLL01$h1736
=CAT  \\$aIPL-CLA$c20180331$lBLL01$h1636
=CAT  \\$aBATCH-UPD$b00$c20180524$lBLL01$h1722
=CAT  \\$aIPL-CLA$c20180630$lBLL01$h1925
=CAT  \\$aBATCH-UPD$b00$c20221121$lBLL01$h1402
=CAT  \\$aIPL-CLA$c20221231$lBLL01$h1449
=CFI  0\$aCurrent copyright fee: GBP29.95$c22\1$e01-jan-2023$fGBP29.95$g0$hP$5Uk
=CFI  2\$aPrevious copyright fee: GBP34.00$c22\1$e01-jul-2018$fGBP34.00$g0$hP$5Uk
=EST  \\$a2
=FFP  \\$aY$bBLDSS-3PM
=FIN  \\$aY$d20080219
=FMT  \\$a  SE
=LAS  \\$aIPL-CLA$b00$c20221231$lBLL01$h1449
=LEO  \\$aMP10.0000024547
=LKR  \\$aPAR$b013444024$lBLL01$nPolymer science. Series A (Online)$mPolymer science. Series A (Print)$r776
=SRC  \\$aDSS01$bbibmp10.200404.2.aa
=TCO  \\$aXXX$c008
=TCO  \\$aTRS$bCCC$c008
=TOC  \\$aETOC
=UNO  \\$aY

