=LDR  04977cas a2201093 a 4500
=001  014540443
=003  Uk
=005  20230930080922.0
=006  m\\\\\\\\d\\\\\\\\
=007  cr\|||||||||||
=008  080303c20079999enkmr\p\s\\\\\0\\\a0eng\\
=015  \\$aGBA826473$2bnb
=022  \\$a1747-4132$y1747-4124
=037  \\$aISSN_17474124$bPortico$nInforma Healthcare
=037  3\$aISSN_17474124_21$bPortico$nTaylor & Francis
=040  \\$aUk$beng$cUk
=042  \\$aukblsr
=082  04$a616.3$222
=130  0\$aExpert review of gastroenterology & hepatology (Online)
=210  0\$aExpert rev. gastroenterol. hepatol.$b(Online)
=222  \0$aExpert review of gastroenterology & hepatology$b(Online)
=245  10$aExpert review of gastroenterology & hepatology$h[electronic resource].
=246  3\$aExpert review of gastroenterology and hepatology$h[electronic resource]
=260  \\$aLondon :$bFuture Drugs,$c2007-
=264  31$aLondon :$bTaylor & Francis, Taylor & Francis Group
=310  \\$aMonthly
=321  \\$aBimonthly
=336  \\$atext$2rdacontent
=337  \\$acomputer$2rdamedia
=338  \\$aonline resource$2rdacarrier
=362  1\$aBegan in 2007.
=500  \\$aDescription based on journal information screen on publisher's web site (viewed on 8 Mar., 2008).
=538  \\$aMode of access: World Wide Web.
=540  \\$aCurrent copyright fee: GBP73.00$c2\0$5Uk
=588  \\$aLatest issue consulted: volume 13, issue 6 (2019) (Taylor & Francis Online, viewed May 23, 2019).
=650  \0$aGastroenterology$vPeriodicals.
=650  \0$aLiver$xDiseases$vPeriodicals.
=776  0\$tExpert review of gastroenterology & hepatology$x1747-4124
=852  41$aBritish Library$bDSC$j9830.067000$3Volume 1:Issue 2(2008)-Volume 5:Issue 6(2011)***See ESTAR for full holdings.
=852  41$aBritish Library$bHMNTS$jDigital store$3Vol. 2 Number 6 (2008)- Vol. 4, No. 4 (2010)
=852  41$aBritish Library$bHMNTS$jELD Digital store$3Volume 2:Number 1(2008)-***Previous issues available in print copy
=856  \\$31850-9999$uhttp://informahealthcare.com$xBLDSS
=856  40$uhttp://www.future-drugs.com/loi/egh$zLink no longer valid
=856  40$uhttps://www.tandfonline.com/toc/ierh20/current
=859  \\$aELD$bejournal
=945  \\$aExpert review of gastroenterology and hepatology
=959  \\$fHeld but not currently received
=985  \\$aLegal Deposit ejournals
=985  \\$aCONFERENCE ANALYTIC RECORDS EXIST
=985  \\$aISSN UK Centre note: responsibility transferred to US Center 23.5.19.
=ACF  \\$aPrevious Copyright Fee: GBP30.00$c36\0$e01-jan-2008$fGBP30.00$g0$hP$5Uk
=ACF  \\$aPrevious copyright fee: GBP35.00$c36\0$e01-jan-2011$fGBP35.00$g0$hP$5Uk
=ACF  \\$aPrevious copyright fee: GBP57.00$c36\0$e01-apr-2014$fGBP57.00$g0$hP$5Uk
=ACF  \\$aPrevious copyright fee: GBP59.00$c45\0$e01-jan-2017$fGBP59.00$g0$hP$5Uk
=ACF  \\$aPrevious copyright fee: GBP66.00$c45\0$e01-jan-2019$fGBP66.00$g0$hP$5Uk
=ACF  \\$aPrevious copyright fee: GBP69.00$c45\0$e01-jan-2020$fGBP69.00$g0$hP$5Uk
=ACF  \\$aPrevious copyright fee: GBP71.00$c45\0$e01-jan-2022$fGBP71.00$g0$hP$5Uk
=CAT  \\$a5508$b40$c20080308$lBLL01$h0844
=CAT  \\$aBLDSS-3PM$b00$c20141208$lBLL01$h1626
=CAT  \\$a14412$b40$c20151205$lBLL01$h0748
=CAT  \\$a14448$b40$c20160204$lBLL01$h0936
=CAT  \\$a14448$b40$c20160205$lBLL01$h0945
=CAT  \\$a11433$b40$c20160415$lBLL01$h1557
=CAT  \\$aBATCH-UPD$b40$c20160524$lBLL01$h2149
=CAT  \\$aBATCH-UPD$b40$c20160524$lBLL01$h2159
=CAT  \\$a5552$b40$c20161005$lBLL01$h0858
=CAT  \\$aIPL-CLA$c20161230$lBLL01$h2301
=CAT  \\$aW1711-1005$c20171206$lBLL01$h1820
=CAT  \\$a5552$b40$c20181213$lBLL01$h1440
=CAT  \\$aIPL-CLA$c20181231$lBLL01$h1547
=CAT  \\$a10973$b40$c20190523$lBLL01$h1111
=CAT  \\$a10973$b40$c20190523$lBLL01$h1113
=CAT  \\$a5552$b40$c20191120$lBLL01$h0841
=CAT  \\$aIPL-CLA$c20191231$lBLL01$h2003
=CAT  \\$a5410$b40$c20200115$lBLL01$h1347
=CAT  \\$aBATCH-UPD$b40$c20211119$lBLL01$h1519
=CAT  \\$aIPL-CLA$c20211231$lBLL01$h1544
=CAT  \\$a12654$b40$c20220117$lBLL01$h1339
=CAT  \\$a5410$b40$c20220202$lBLL01$h1228
=CAT  \\$aBATCH-UPD$b40$c20230518$lBLL01$h1421
=CAT  \\$aIPL-CLA$c20230518$lBLL01$h1500
=CAT  \\$aR2308-1440$c20230824$lBLL01$h0929
=CAT  \\$aIPL-CLA$c20230930$lBLL01$h0809
=CFI  0\$aCurrent copyright fee: GBP73.00$c2\0$e01-oct-2023$fGBP73.00$g0$hP$5Uk
=CFI  2\$aPrevious copyright fee: GBP73.00$c45\0$e18-may-2023$fGBP73.00$g0$hP$5Uk
=EST  \\$a1
=FFP  \\$aY$bBLDSS-3PM
=FIN  \\$aY$d20080308
=FMT  \\$a  SE
=LAS  \\$aIPL-CLA$b00$c20230930$lBLL01$h0809
=LKR  \\$aPAR$b013183278$lBLL01$r776$mExpert review of gastroenterology & hepatology (Online)$nExpert review of gastroenterology & hepatology (Print)
=MNI  \\$a1747-4124
=TCO  \\$aCLA$bCLA$c008
=TOC  \\$aETOC

