=LDR  04440cas a2201033 a 4500
=001  014540465
=003  Uk
=005  20230930080924.0
=006  m\\\\\\\\d\\\\\\\\
=007  cr\|||||||||||
=008  080303c20049999enkbr\p\s\\\\\0\\\a0eng\\
=015  \\$aGBA826500$2bnb
=022  0\$a1744-8387$y1478-9450
=037  \\$aISSN_14789450$bPortico$nInforma Healthcare
=037  3\$aISSN_14789450_21$bPortico$nTaylor & Francis
=040  \\$aUk$beng$cUk
=042  \\$aukblsr
=082  04$a572.6$222
=130  0\$aExpert review of proteomics (Online)
=222  \0$aExpert review of proteomics$b(Online)
=245  10$aExpert review of proteomics$h[electronic resource].
=260  \\$aLondon :$bFuture Drugs,$c2004-
=264  31$a[London] :$bInforma Healthcare
=310  \\$aBimonthly
=336  \\$atext$2rdacontent
=337  \\$acomputer$2rdamedia
=338  \\$aonline resource$2rdacarrier
=362  1\$aBegan in 2004.
=500  \\$aDescription based on journal information screen on publisher's web site (viewed on 8 Mar., 2008).
=538  \\$aMode of access: World Wide Web.
=540  \\$aCurrent copyright fee: GBP73.00$c2\0$5Uk
=650  \0$aProteins$xBiotechnology$vPeriodicals.
=650  \0$aProteomics$vPeriodicals.
=776  0\$tExpert review of proteomics$x1478-9450
=852  41$aBritish Library$bHMNTS$jELD Digital store$3Volume 1:Number 4(2004)-***Previous issues available in print copy
=852  41$aBritish Library$bHMNTS$jDigital store$3Vol. 5, No. 6 (2008)- Vol. 7 , No. 4 (2010)
=852  41$aBritish Library$bDSC$j3842.002997$3Volume 4:Issue 1(2007)-Volume 8:Issue 6(2011)***See ESTAR for full holdings.
=856  \\$31850-9999$uhttp://informahealthcare.com$xBLDSS
=856  40$uhttp://www.future-drugs.com/loi/epr
=859  \\$aELD$bejournal
=945  \\$aExpert review of proteomics
=959  \\$fHeld but not currently received
=985  \\$aLegal Deposit ejournals
=985  \\$aCONFERENCE ANALYTIC RECORDS EXIST
=985  \\$aISSN responsibility transfered to US ISSN Center, 09.10.2014.
=ACF  \\$aPrevious Copyright Fee: GBP30.00$c36\0$e01-jan-2008$fGBP30.00$g0$hP$5Uk
=ACF  \\$aPrevious copyright fee: GBP35.00$c36\0$e01-jan-2011$fGBP35.00$g0$hP$5Uk
=ACF  \\$aPrevious copyright fee: GBP57.00$c36\0$e01-apr-2014$fGBP57.00$g0$hP$5Uk
=ACF  \\$aPrevious copyright fee: GBP59.00$c45\0$e01-jan-2017$fGBP59.00$g0$hP$5Uk
=ACF  \\$aPrevious copyright fee: GBP66.00$c45\0$e01-jan-2019$fGBP66.00$g0$hP$5Uk
=ACF  \\$aPrevious copyright fee: GBP69.00$c45\0$e01-jan-2020$fGBP69.00$g0$hP$5Uk
=ACF  \\$aPrevious copyright fee: GBP71.00$c45\0$e01-jan-2022$fGBP71.00$g0$hP$5Uk
=CAT  \\$a5997$b40$c20080308$lBLL01$h1120
=CAT  \\$a6162$b40$c20140206$lBLL01$h1223
=CAT  \\$aIPL-CLA$c20140331$lBLL01$h1634
=CAT  \\$aWR14_140$c20140905$lBLL01$h1818
=CAT  \\$a10806$b40$c20141007$lBLL01$h0934
=CAT  \\$a11313$b40$c20141009$lBLL01$h1250
=CAT  \\$aBLDSS-3PM$b00$c20141208$lBLL01$h1626
=CAT  \\$a14412$b40$c20151205$lBLL01$h0830
=CAT  \\$a14448$b40$c20160204$lBLL01$h0939
=CAT  \\$a14448$b40$c20160205$lBLL01$h0946
=CAT  \\$a11433$b40$c20160415$lBLL01$h1611
=CAT  \\$aBATCH-UPD$b40$c20160524$lBLL01$h2149
=CAT  \\$aBATCH-UPD$b40$c20160524$lBLL01$h2159
=CAT  \\$a5552$b40$c20161005$lBLL01$h0908
=CAT  \\$aIPL-CLA$c20161230$lBLL01$h2301
=CAT  \\$aW1711-1005$c20171206$lBLL01$h1820
=CAT  \\$a5552$b40$c20181213$lBLL01$h1444
=CAT  \\$aIPL-CLA$c20181231$lBLL01$h1547
=CAT  \\$a5552$b40$c20191120$lBLL01$h0847
=CAT  \\$aIPL-CLA$c20191231$lBLL01$h2003
=CAT  \\$aBATCH-UPD$b00$c20211119$lBLL01$h1519
=CAT  \\$aIPL-CLA$c20211231$lBLL01$h1544
=CAT  \\$aBATCH-UPD$b00$c20230518$lBLL01$h1421
=CAT  \\$aIPL-CLA$c20230518$lBLL01$h1500
=CAT  \\$aR2308-1440$c20230824$lBLL01$h0929
=CAT  \\$aIPL-CLA$c20230930$lBLL01$h0809
=CFI  0\$aCurrent copyright fee: GBP73.00$c2\0$e01-oct-2023$fGBP73.00$g0$hP$5Uk
=CFI  2\$aPrevious copyright fee: GBP73.00$c45\0$e18-may-2023$fGBP73.00$g0$hP$5Uk
=EST  \\$a1
=FFP  \\$aY$bBLDSS-3PM
=FIN  \\$aY$d20080308
=FMT  \\$a  SE
=LAS  \\$aIPL-CLA$b00$c20230930$lBLL01$h0809
=LKR  \\$aPAR$b012915688$lBLL01$r776$mExpert review of proteomics (Online)$nExpert review of proteomics (Print)
=MNI  \\$a1478-9450
=TCO  \\$aCLA$bCLA$c008
=TOC  \\$aETOC

