=LDR  03994cas a2200961 i 4500
=001  014571164
=003  Uk
=005  20211231154423.0
=006  m\\\\\\\\d\\\\\\\\
=007  cr||||||||||||
=008  080326c20069999enkqr\p\o\\\\\0\\\a0eng\\
=022  0\$a1749-7728
=040  \\$aUk$beng$cUk$dUk$erda
=042  \\$aukblsr
=082  04$a660.2071$223
=210  0\$aEduc. chem. eng.
=222  \0$aEducation for chemical engineers
=245  00$aEducation for chemical engineers.
=246  13$aTrans IChem.$nPart D
=260  \\$aRugby :$bInstitution of Chemical Engineers
=260  3\$32008-$aOxford :$bElsevier Science
=310  \\$aQuarterly,$b2009-
=321  \\$aSemiannual,$b2008
=321  \\$aAnnual,$b-2007
=336  \\$atext$2rdacontent
=337  \\$acomputer$2rdamedia
=338  \\$aonline resource$2rdacarrier
=362  0\$aVolume 1, issue 1 (2006)-
=500  \\$aTitle from volume contents page (ScienceDirect, viewed October 02, 2017).
=540  \\$aCurrent copyright fee: GBP34.30$c5\1$5Uk
=588  \\$aLatest issue consulted: volume 20 (July 2017).
=650  \0$aChemical engineering$xStudy and teaching (Higher)$vPeriodicals.
=690  7\$aSocial Welfare$2blcoll
=710  2\$aInstitution of Chemical Engineers (Great Britain)
=852  41$aBritish Library$bDSC$j3661.225500$3Volume 1:Issue 1(2006)-Volume 5:Issue 4(2010)***See ESTAR for full holdings.
=856  40$31850-9999$uhttp://www.elsevier.com/journals$xBLDSS
=856  40$uhttp://www.sciencedirect.com/science/journal/17497728
=856  4\$uhttps://www.journals.elsevier.com/education-for-chemical-engineers/
=945  \\$aEducation for chemical engineers -Electronic Edition-
=959  \\$fHeld but not currently received
=985  \\$aCorrected by MS generated file for WR# 12.018
=985  \\$aISSN UK Centre note: responsibility transferred to ISSN Netherlands 5.10.17.
=ACF  \\$aPrevious Copyright Fee: GBP19.00$c5\5$e26-mar-2008$fGBP19.00$g0$hP$5Uk
=ACF  \\$aPrevious copyright fee: GBP20.00$c5\1$e01-jan-2009$fGBP20.00$g0$hP$5Uk
=ACF  \\$aPrevious copyright fee: GBP21.00$c5\1$e01-jan-2012$fGBP21.00$g0$hP$5Uk
=ACF  \\$aPrevious copyright fee: GBP22.50$c5\1$e01-jan-2013$fGBP22.50$g0$hP$5Uk
=ACF  \\$aPrevious copyright fee: GBP23.40$c5\1$e01-jan-2018$fGBP23.40$g0$hP$5Uk
=CAT  \\$a7174$b40$c20080326$lBLL01$h1405
=CAT  \\$a8874$b40$c20100212$lBLL01$h0832
=CAT  \\$aWR10_164$c20101215$lBLL01$h1511
=CAT  \\$aWR11_155$c20111021$lBLL01$h1325
=CAT  \\$aWR11_155$c20111114$lBLL01$h1646
=CAT  \\$aBATCH-UPD$b00$c20111123$lBLL01$h1853
=CAT  \\$aIPL-CLA$c20111230$lBLL01$h2030
=CAT  \\$aCDS12-UPD$b40$c20120206$lBLL01$h1842
=CAT  \\$aBLSS-CORR$b00$c20120724$lBLL01$h1800
=CAT  \\$aBATCH-SWP$c20120727$lBLL01$h2249
=CAT  \\$aBATCH-CLA$b00$c20121109$lBLL01$h1723
=CAT  \\$aBATCH-UPD$b00$c20121121$lBLL01$h1659
=CAT  \\$aIPL-CLA$c20121231$lBLL01$h1325
=CAT  \\$aIPL-CLA$c20130102$lBLL01$h1755
=CAT  \\$aBLDSS-3PM$b00$c20141222$lBLL01$h1717
=CAT  \\$aBATCH-UPD$b00$c20170304$lBLL01$h1226
=CAT  \\$aISSN$b40$c20170314$lBLL01$h1721
=CAT  \\$a10973$b40$c20171002$lBLL01$h1425
=CAT  \\$a10973$b40$c20171004$lBLL01$h1112
=CAT  \\$a10973$b40$c20171005$lBLL01$h1024
=CAT  \\$aBATCH-UPD$b40$c20171121$lBLL01$h1749
=CAT  \\$aIPL-CLA$c20171231$lBLL01$h1732
=CAT  \\$aBATCH-UPD$b00$c20190521$lBLL01$h1441
=CAT  \\$aIPL-CLA$c20190630$lBLL01$h1540
=CAT  \\$aBATCH-UPD$b00$c20211119$lBLL01$h1558
=CAT  \\$aIPL-CLA$c20211231$lBLL01$h1544
=CFI  0\$aCurrent copyright fee: GBP34.30$c5\1$e01-jan-2022$fGBP34.30$g0$hP$5Uk
=CFI  2\$aPrevious copyright fee: GBP32.84$c5\1$e01-jul-2019$fGBP32.84$g0$hP$5Uk
=EST  \\$a1
=FFP  \\$aY$bBLDSS-3PM
=FIN  \\$aY$d20100212
=FMT  \\$a  SE
=LAS  \\$aIPL-CLA$b00$c20211231$lBLL01$h1544
=MNI  \\$a1749-7728
=TCO  \\$aCLA$bCLA$c008
=TOC  \\$aETOC

