=LDR  04990cas a2201033 i 4500
=001  014574382
=003  Uk
=005  20211231154424.0
=006  m\\\\\|\\d\|\\\\\\
=007  cr\|||||||||||
=008  080401c19919999ne\qr\p\o\\\\\0\\\a0eng\\
=022  0\$a1744-3571$y0960-3085
=040  \\$aUk$beng$cUk$dUk$erda
=042  \\$aukblsr
=082  04$a664.024$223
=210  0\$aFood bioprod. process.$b(Online)
=222  \0$aFood and bioproducts processing$b(Online)
=245  00$aFood and bioproducts processing.
=246  13$aTransactions of the Institution of Chemical Engineers.$nPart C,$pFood and bioproducts processing
=264  \1$aRugby :$bInstitution of Chemical Engineers,$c[1991]-
=264  31$a2008-$a[Amsterdam] :$bElsevier
=300  \\$billustrations (black and white, and colour)
=310  \\$aQuarterly
=336  \\$atext$2rdacontent
=337  \\$acomputer$2rdamedia
=338  \\$aonline resource$2rdacarrier
=362  1\$aPrint began with: Vol. 69, no. C1 (Mar. 1991).
=515  \\$aContinues volume numbering of the print title "Transactions of the Institution of Chemical Engineers", which ceased publication with vol. 60, 1982.
=540  \\$aCurrent copyright fee: GBP34.30$c5\1$5Uk
=550  \\$aOfficial Journal of the European Federation of Chemical Engineering.
=550  \\$aPublication of the Institution of Chemical Engineers.
=580  \\$aOriginal print version of this title continued in part: Transactions of the Institution of Chemical Engineers.
=588  \\$aDescription based on print version record.
=588  \\$aLatest issue consulted: volume 93 (January 2015) (ScienceDirect, viewed February 12, 2015).
=650  \0$aFood industry and trade$vPeriodicals.
=650  \0$aBiochemical engineering$vPeriodicals.
=710  2\$aEuropean Federation of Chemical Engineering,$eissuing body.
=710  2\$aInstitution of Chemical Engineers (Great Britain),$eissuing body.
=776  08$iAlso issued in print as:$tFood and bioproducts processing$x0960-3085
=852  41$aBritish Library$bDSC$j3977.026870$3Volume 75:Issue 1(1997)-Volume 87:Issue 4(2009)***See ESTAR for full holdings.***Some issues available for 2010
=856  40$uhttp://www.sciencedirect.com/science/journal/09603085
=856  40$ahttp://www.journals.elsevier.com/food-and-bioproducts-processing/
=856  4\$uhttp://www.ingenta.com/isis/browsing/AllIssues/ingenta;jsessionid=2bug19eyk7nfr.circus?journal=pubinfobike://icheme/fbp&startyear=2004
=856  \\$31850-9999$uhttp://www.elsevier.com/journals$xBLDSS
=945  \\$aFood and bioproducts processing
=959  \\$fHeld but not currently received
=985  \\$aResponsibility for print ISSN transferred to ISSN Netherlands from ISSN UK Centre, 20.07.2010
=ACF  \\$aPrevious Copyright Fee: GBP19.00$c5\3$e01-apr-2008$fGBP19.00$g0$hP$5Uk
=ACF  \\$aPrevious copyright fee: GBP20.00$c5\1$e01-jan-2009$fGBP20.00$g0$hP$5Uk
=ACF  \\$aPrevious copyright fee: GBP21.00$c5\1$e01-jan-2012$fGBP21.00$g0$hP$5Uk
=ACF  \\$aPrevious copyright fee: GBP22.50$c5\1$e01-jan-2013$fGBP22.50$g0$hP$5Uk
=ACF  \\$aPrevious copyright fee: GBP23.40$c5\1$e01-jan-2018$fGBP23.40$g0$hP$5Uk
=CAT  \\$a7174$b40$c20080401$lBLL01$h1623
=CAT  \\$a8409$b40$c20100108$lBLL01$h1218
=CAT  \\$aCDS08-UPD$b40$c20100926$lBLL01$h1956
=CAT  \\$aWR10_164$c20101215$lBLL01$h1511
=CAT  \\$aWR11_155$c20111021$lBLL01$h1322
=CAT  \\$aWR11_155$c20111114$lBLL01$h1644
=CAT  \\$aBATCH-UPD$b00$c20111123$lBLL01$h1853
=CAT  \\$aIPL-CLA$c20111230$lBLL01$h2030
=CAT  \\$aBATCH-CLA$b00$c20121109$lBLL01$h1723
=CAT  \\$aBATCH-UPD$b00$c20121121$lBLL01$h1659
=CAT  \\$aIPL-CLA$c20121231$lBLL01$h1325
=CAT  \\$aIPL-CLA$c20130102$lBLL01$h1755
=CAT  \\$aBATCH-CLA$b00$c20140125$lBLL01$h1256
=CAT  \\$aBATCH-CLA$c20140225$lBLL01$h2333
=CAT  \\$aBLDSS-3PM$b00$c20141222$lBLL01$h1717
=CAT  \\$a6550$b40$c20150212$lBLL01$h1057
=CAT  \\$a6550$b40$c20150212$lBLL01$h1100
=CAT  \\$a8124$b40$c20150212$lBLL01$h1228
=CAT  \\$aBATCH-UPD$b40$c20151115$lBLL01$h1411
=CAT  \\$aBATCH-UPD$b40$c20170304$lBLL01$h1226
=CAT  \\$aBATCH-UPD$b40$c20171121$lBLL01$h1750
=CAT  \\$aIPL-CLA$c20171231$lBLL01$h1732
=CAT  \\$aBATCH-UPD$b00$c20190521$lBLL01$h1441
=CAT  \\$aIPL-CLA$c20190630$lBLL01$h1540
=CAT  \\$aBATCH-UPD$b00$c20211119$lBLL01$h1558
=CAT  \\$aIPL-CLA$c20211231$lBLL01$h1544
=CFI  0\$aCurrent copyright fee: GBP34.30$c5\1$e01-jan-2022$fGBP34.30$g0$hP$5Uk
=CFI  2\$aPrevious copyright fee: GBP32.84$c5\1$e01-jul-2019$fGBP32.84$g0$hP$5Uk
=EST  \\$a1
=FFP  \\$aY$bBLDSS-3PM
=FIN  \\$aY$d20150212
=FMT  \\$a  SE
=LAS  \\$aIPL-CLA$b00$c20211231$lBLL01$h1544
=LKR  \\$aPAR$b008226614$lBLL01$nFood and bioproducts processing (Print)$mFood and bioproducts processing (Online)$r776
=MNI  \\$a0960-3085
=TCO  \\$aCLA$bCLA$c008
=TOC  \\$aETOC

