=LDR  03441cas a22008417a 4500
=001  014582124
=003  Uk
=005  20221231221538.0
=007  ta
=008  040417c19939999ja\au\p\\\\\\\0\\\d0jpno\
=019  c\$a2457928
=022  0\$a1743-8470
=040  \\$aUk$beng$cUk$dUk
=222  \0$aYomiuri shimbun$b(Eiseiban)
=245  00$aYomiuri shimbun.
=260  \\$aToukyou :$bYomiuri shimbun toukyou honsha
=300  \\$av. ;$c30 cm.
=336  \\$atext$2rdacontent
=337  \\$aunmediated$2rdamedia
=338  \\$avolume$2rdacarrier
=540  \\$aCurrent Copyright Fee: GBP25.00$c0$5Uk
=595  \\$aSEE CARD INDEX.
=852  41$aBritish Library$bOC$jOP.1274
=945  \\$aYOMIURI SHIMBUN.
=979  \\$aBritish Library$bDSC$j9420.880000N
=985  \\$aISSN responsibility held by ISSN Japan - 26.07.2006. ISSN assigned in error by ISSN UK Centre. Published in Japan.
=985  \\$aDQ DO NOT MERGE - LARGE SERIAL RECORD
=ACF  \\$aPrevious copyright fee: GBP9.00$c0$e01-apr-2010$fGBP9.00$g0$hA$5Uk
=ACF  \\$aPrevious copyright fee: GBP6.00$c0$e01-apr-2008$fGBP6.00$g0$hA$5Uk
=ACF  \\$aPrevious copyright fee: GBP5.00$c0$e01-oct-2002$fGBP5.00$g0$hA$5Uk
=ACF  \\$aPrevious copyright fee: GBP10.50$c0$e01-jan-2011$fGBP10.50$g0$hA$5Uk
=ACF  \\$aPrevious copyright fee: GBP12.00$c0$e01-jan-2012$fGBP12.00$g0$hA$5Uk
=ACF  \\$aPrevious Copyright Fee: GBP12.30$c0$e01-jan-2014$fGBP12.30$g0$hA$5Uk
=ACF  \\$aPrevious Copyright Fee: GBP15.00$c0$e01-jan-2017$fGBP15.00$g0$hA$5Uk
=ACF  \\$aPrevious Copyright Fee: GBP17.50$c0$e01-jan-2018$fGBP17.50$g0$hA$5Uk
=ACF  \\$aPrevious Copyright Fee: GBP20.00$c0$e01-jan-2020$fGBP20.00$g0$hA$5Uk
=CAT  \\$a10932$b40$c20080407$lBLL01$h1105
=CAT  \\$aBATCH-UPD$b40$c20100331$lBLL01$h2347
=CAT  \\$aBATCH-UPD$b40$c20100401$lBLL01$h0302
=CAT  \\$aBATCH$b00$c20100401$lBLL01$h0606
=CAT  \\$aBATCH$b00$c20100401$lBLL01$h1639
=CAT  \\$aBATCH-UPD$b00$c20101124$lBLL01$h1952
=CAT  \\$aBATCH-UPD$b00$c20101125$lBLL01$h1217
=CAT  \\$aIPL-CLA$c20101231$lBLL01$h1525
=CAT  \\$a7792$b40$c20110128$lBLL01$h0753
=CAT  \\$aWR11_203$c20111204$lBLL01$h1513
=CAT  \\$aIPL-CLA$c20111230$lBLL01$h2030
=CAT  \\$aBATCH-CLA$b00$c20121109$lBLL01$h1723
=CAT  \\$aWR13.005$c20130323$lBLL01$h1338
=CAT  \\$aBATCH-CLA$c20131220$lBLL01$h2057
=CAT  \\$aIPL-CLA$c20140101$lBLL01$h0053
=CAT  \\$aBATCH-CLA$b00$c20161222$lBLL01$h1822
=CAT  \\$aIPL-CLA$c20161230$lBLL01$h2303
=CAT  \\$aBATCH-CLA$b00$c20171222$lBLL01$h2149
=CAT  \\$aIPL-CLA$c20171231$lBLL01$h1732
=CAT  \\$aBATCH-CLA$b00$c20191219$lBLL01$h1746
=CAT  \\$aIPL-CLA$c20191231$lBLL01$h2004
=CAT  \\$aR2001-1524$c20200127$lBLL01$h2038
=CAT  \\$aBATCH-CLA$b00$c20201204$lBLL01$h1554
=CAT  \\$aIPL-CLA$c20201231$lBLL01$h2253
=CAT  \\$aBATCH-CLA$b00$c20221221$lBLL01$h1907
=CAT  \\$aIPL-CLA$c20221231$lBLL01$h2215
=CFI  0\$aCurrent Copyright Fee: GBP25.00$c0$e01-jan-2023$fGBP25.00$g0$hA$5Uk
=CFI  2\$aPrevious Copyright Fee: GBP22.50$c0$e01-jan-2021$fGBP22.50$g0$hA$5Uk
=FIN  \\$aY$d20080114
=FIN  \\$aY
=FMT  \\$a  SE
=LAS  \\$aIPL-CLA$b00$c20221231$lBLL01$h2215
=LEO  \\$aMP10.0000622998
=PLR  \\$aY$b013518804,014582135
=SRC  \\$aDSS04$bbibld.200404.2.aa
=SRC  \\$aDSS01$bbibmp10.200404.2.aa
=TCO  \\$aJPN$bJAACC$c008

