=LDR  03501cas a22008177a 4500
=001  014582135
=003  Uk
=005  20221231221538.0
=007  ta
=008  040417d20082015ja\dr\n\\\\\\\0\\\d0jpno\
=022  0\$a1743-8470
=040  \\$aUk$beng$cUk$dUk
=222  \0$aYomiuri shimbun$b(Eiseiban)
=245  00$aYomiuri shimbun. (2008)-. [LSR].
=260  \\$aTokyo :$bYomiuri Shimbun Tokyo Honsha
=300  \\$av. ;$c30 cm.
=310  \\$aDaily
=336  \\$atext$2rdacontent
=337  \\$aunmediated$2rdamedia
=338  \\$avolume$2rdacarrier
=540  \\$aCurrent Copyright Fee: GBP25.00$c0$5Uk
=595  \\$aSEE CARD INDEX.
=852  41$32012-31st Aug. (2015)$aBritish Library$bOC$jNEWS.REG1247
=852  41$aBritish Library$bOC$jOP.1274$32008-2011
=945  \\$aYOMIURI SHIMBUN
=979  \\$aBritish Library$bDSC$j9420.880000N
=985  \\$aISSN responsibility held by ISSN Japan - 26.07.2006. ISSN assigned in error by ISSN UK Centre. Published in Japan.
=985  \\$aDQ DO NOT MERGE - LARGE SERIAL RECORD
=ACF  \\$aPrevious copyright fee: GBP9.00$c0$e01-apr-2010$fGBP9.00$g0$hA$5Uk
=ACF  \\$aPrevious copyright fee: GBP6.00$c0$e01-apr-2008$fGBP6.00$g0$hA$5Uk
=ACF  \\$aPrevious copyright fee: GBP5.00$c0$e01-oct-2002$fGBP5.00$g0$hA$5Uk
=ACF  \\$aPrevious copyright fee: GBP10.50$c0$e01-jan-2011$fGBP10.50$g0$hA$5Uk
=ACF  \\$aPrevious copyright fee: GBP12.00$c0$e01-jan-2012$fGBP12.00$g0$hA$5Uk
=ACF  \\$aPrevious Copyright Fee: GBP12.30$c0$e01-jan-2014$fGBP12.30$g0$hA$5Uk
=ACF  \\$aPrevious Copyright Fee: GBP15.00$c0$e01-jan-2017$fGBP15.00$g0$hA$5Uk
=ACF  \\$aPrevious Copyright Fee: GBP17.50$c0$e01-jan-2018$fGBP17.50$g0$hA$5Uk
=ACF  \\$aPrevious Copyright Fee: GBP20.00$c0$e01-jan-2020$fGBP20.00$g0$hA$5Uk
=CAT  \\$a10932$b40$c20080407$lBLL01$h1111
=CAT  \\$aBATCH-UPD$b00$c20101125$lBLL01$h1217
=CAT  \\$aIPL-CLA$c20101231$lBLL01$h1525
=CAT  \\$aWR11_203$c20111204$lBLL01$h1513
=CAT  \\$aIPL-CLA$c20111230$lBLL01$h2030
=CAT  \\$a10960$b40$c20120119$lBLL01$h1535
=CAT  \\$aWR12_095$c20120629$lBLL01$h1842
=CAT  \\$aBATCH-UPD$b00$c20121030$lBLL01$h1027
=CAT  \\$aBATCH-CLA$b00$c20121109$lBLL01$h1723
=CAT  \\$a7565$b40$c20130208$lBLL01$h0854
=CAT  \\$aWR13.005$c20130323$lBLL01$h1338
=CAT  \\$aBATCH-CLA$c20131220$lBLL01$h2057
=CAT  \\$aIPL-CLA$c20140101$lBLL01$h0053
=CAT  \\$a8323N$b50$c20140619$lBLL01$h1557
=CAT  \\$aBATCH-CLA$b00$c20161222$lBLL01$h1822
=CAT  \\$aIPL-CLA$c20161230$lBLL01$h2303
=CAT  \\$aBATCH-CLA$b00$c20171222$lBLL01$h2149
=CAT  \\$aIPL-CLA$c20171231$lBLL01$h1732
=CAT  \\$aBATCH-CLA$b00$c20191219$lBLL01$h1746
=CAT  \\$aIPL-CLA$c20191231$lBLL01$h2004
=CAT  \\$aR2001-1524$c20200127$lBLL01$h2038
=CAT  \\$aBATCH-CLA$b00$c20201204$lBLL01$h1554
=CAT  \\$aIPL-CLA$c20201231$lBLL01$h2253
=CAT  \\$a6490$b40$c20210903$lBLL01$h1138
=CAT  \\$aBATCH-CLA$b00$c20221221$lBLL01$h1907
=CAT  \\$aIPL-CLA$c20221231$lBLL01$h2215
=CFI  0\$aCurrent Copyright Fee: GBP25.00$c0$e01-jan-2023$fGBP25.00$g0$hA$5Uk
=CFI  2\$aPrevious Copyright Fee: GBP22.50$c0$e01-jan-2021$fGBP22.50$g0$hA$5Uk
=EXP  \\$aX
=FMT  \\$a  SE
=LAS  \\$aIPL-CLA$b00$c20221231$lBLL01$h2215
=LKR  \\$aPAR$b013518804$lBLL01$mYomiuri shimbun. (2008)-. [LSR].$nYomiuri shimbun. (1993)-(2007). [LSR].
=STA  \\$aSUPPRESSED$bLarge Serial Record
=TCO  \\$aJPN$bJAACC$c008

