=LDR  05199cas a2201153 a 4500
=001  014609188
=003  Uk
=005  20230210010707.0
=007  ta
=008  080611c20089999enktr\\\\\\\\\0\\\a0eng\c
=010  \\$a2008213560
=015  \\$aGBA877041$2bnb
=022  0\$a1942-7638$y1353-6303
=035  \\$a(OCoLC)231691466
=040  \\$aNSD$cNSD$dUk
=042  \\$ansdp
=050  10$aISSN RECORD
=082  04$a338.763608951$222
=222  \0$aAnimal pharm insight
=245  00$aAnimal pharm insight
=246  13$aAnimal pharm
=246  30$aInsight
=260  \\$aLondon ;$aNew York :$bInforma Healthcare,$c2008-
=300  \\$av. :$bcol. ill., ports. (some col.) ;$c30 cm.
=310  \\$aThree issues yearly
=336  \\$atext$2rdacontent
=337  \\$aunmediated$2rdamedia
=338  \\$avolume$2rdacarrier
=362  0\$aIssue 1 (Apr. 2008)-
=500  \\$aTitle from cover.
=540  \\$aCurrent Copyright Fee: GBP25.00$c0$5Uk
=595  \\$aSee Card Index. Comes with 8211.859355 & 0905.030000
=650  \0$aVeterinary drug industry$vPeriodicals.
=650  \0$aVeterinary drugs$xEconomic aspects$vPeriodicals.
=690  7\$aManagement and Business Studies$2blcoll
=772  0\$tAnimal pharm$x0262-2238
=852  41$aBritish Library$bSTI$3Issue 1 (Apr. 2008)
=945  \\$aAnimal Pharm Insight
=979  \\$aBritish Library$bDSC$j0905.030030N$xDSC Not Selected
=985  \\$aISSN responsibility held by ISSN US Center - 13/6/08
=ACF  \\$aPrevious Copyright Fee: GBP43.00$c0$e01-apr-2012$fGBP43.00$g0$hC$5Uk
=ACF  \\$aPrevious Copyright Fee: GBP43.00$c0$e01-jan-2012$fGBP43.00$g0$hC$5Uk
=ACF  \\$aPrevious Copyright Fee: GBP43.00$c0$e01-oct-2011$fGBP43.00$g0$hC$5Uk
=ACF  \\$aPrevious Copyright Fee: GBP43.00$c0$e01-jul-2011$fGBP43.00$g0$hC$5Uk
=ACF  \\$aPrevious Copyright Fee: GBP43.00$c0$e01-apr-2011$fGBP43.00$g0$hC$5Uk
=ACF  \\$aPrevious Copyright Fee: GBP43.00$c0$e01-jan-2011$fGBP43.00$g0$hC$5Uk
=ACF  \\$aPrevious Copyright Fee: GBP43.00$c0$e01-oct-2010$fGBP43.00$g0$hC$5Uk
=ACF  \\$aPrevious Copyright Fee: GBP43.00$c0$e01-jul-2010$fGBP43.00$g0$hC$5Uk
=ACF  \\$aPrevious Copyright Fee: GBP43.00$c0$e01-apr-2010$fGBP43.00$g0$hC$5Uk
=ACF  \\$aPrevious Copyright Fee: GBP43.00$c0$e01-Jan-2010$fGBP43.00$g0$hC$5Uk
=ACF  \\$aPrevious Copyright Fee: GBP43.00$c0$e01-oct-2009$fGBP43.00$g0$hC$5Uk
=ACF  \\$aPrevious Copyright Fee: GBP43.00$c0$e01-jul-2009$fGBP43.00$g0$hC$5Uk
=ACF  \\$aPrevious Copyright Fee: GBP43.00$c0$e01-apr-2009$fGBP43.00$g0$hC$5Uk
=ACF  \\$aPrevious Copyright Fee: GBP43.00$c0$e01-jan-2009$fGBP43.00$g0$hC$5Uk
=ACF  \\$aPrevious Copyright Fee: GBP43.00$c0$e01-oct-2008$fGBP43.00$g0$hC$5Uk
=ACF  \\$aPrevious Copyright Fee: GBP6.00$c0$e07-may-2008$fGBP6.00$g0$hA$5Uk
=ACF  \\$aPrevious Copyright Fee: GBP58.75$c0$e01-jul-2012$fGBP58.75$g0$hC$5Uk
=ACF  \\$aPrevious Copyright Fee: GBP58.75$c0$e01-oct-2012$fGBP58.75$g0$hC$5Uk
=ACF  \\$aPrevious Copyright Fee: GBP12.30$c0$e01-oct-2014$fGBP12.30$g0$hC$5Uk
=ACF  \\$aPrevious Copyright Fee: GBP15.00$c0$e01-jan-2017$fGBP15.00$g0$hC$5Uk
=ACF  \\$aPrevious Copyright Fee: GBP17.50$c0$e01-jan-2018$fGBP17.50$g0$hC$5Uk
=ACF  \\$aPrevious Copyright Fee: GBP20.00$c0$e01-jan-2020$fGBP20.00$g0$hC$5Uk
=ACF  \\$aPrevious Copyright Fee: GBP22.50$c0$e01-jan-2021$fGBP22.50$g0$hC$5Uk
=CAT  \\$a6738$b40$c20080507$lBLL01$h1405
=CAT  \\$aBATCH-CLA$b00$c20110831$lBLL01$h1814
=CAT  \\$aIPL-CLA$c20110930$lBLL01$h1553
=CAT  \\$aBATCH-CLA$b00$c20111130$lBLL01$h1218
=CAT  \\$aIPL-CLA$c20111230$lBLL01$h2030
=CAT  \\$aBATCH-CLA$b00$c20120229$lBLL01$h1629
=CAT  \\$aIPL-CLA$c20120330$lBLL01$h1440
=CAT  \\$aBATCH-CLA$b00$c20120531$lBLL01$h1726
=CAT  \\$aIPL-CLA$c20120629$lBLL01$h1039
=CAT  \\$aBATCH-CLA$b00$c20120831$lBLL01$h1555
=CAT  \\$aIPL-CLA$c20120930$lBLL01$h2130
=CAT  \\$aBATCH-CLA$b00$c20121109$lBLL01$h1723
=CAT  \\$aBATCH-CLA$b00$c20140829$lBLL01$h1547
=CAT  \\$aWR14_140$c20140905$lBLL01$h1818
=CAT  \\$aIPL-CLA$c20140930$lBLL01$h1636
=CAT  \\$aBATCH-CLA$b00$c20161130$lBLL01$h1649
=CAT  \\$aBATCH-MBS$c20161209$lBLL01$h2109
=CAT  \\$aIPL-CLA$c20161230$lBLL01$h2305
=CAT  \\$aBATCH-CLA$b00$c20171130$lBLL01$h1716
=CAT  \\$aIPL-CLA$c20171231$lBLL01$h1733
=CAT  \\$aBATCH-CLA$b00$c20191129$lBLL01$h1631
=CAT  \\$aIPL-CLA$c20191231$lBLL01$h2004
=CAT  \\$aBATCH-CLA$b00$c20201126$lBLL01$h1422
=CAT  \\$aIPL-CLA$c20201231$lBLL01$h2254
=CAT  \\$aBATCH-CLA$b00$c20221130$lBLL01$h1501
=CAT  \\$aIPL-CLA$c20221231$lBLL01$h2216
=CAT  \\$aBATCH-CLA$b00$c20230209$lBLL01$h1547
=CAT  \\$aIPL-CLA$c20230210$lBLL01$h0107
=CFI  0\$aCurrent Copyright Fee: GBP25.00$c0$e09-feb-2023$fGBP25.00$g0$hC$5Uk
=CFI  2\$aBritish Library not licensed to copy$c0$e01-jan-2023$hC$iCFP Excluded$5Uk
=FIN  \\$aY$d20080616
=FMT  \\$a  SE
=LAS  \\$aIPL-CLA$b00$c20230210$lBLL01$h0107
=LKR  \\$aPAR$b011633153$lBLL01$r772$mAnimal pharm insight$nAnimal pharm
=SID  \\$aZ39$bOCLC
=TCO  \\$aCLA$bCLA$c008

