=LDR  04279cas a2200973 a 4500
=001  014628030
=003  Uk
=005  20211231154429.0
=006  m\\\\f\\\d\\\\\\\\
=007  cr\|||||||||||
=008  080529d20082011enkqr\pso\\\\\0\\\a0eng\d
=022  0\$a1755-0017$l1755-0017$2j
=035  \\$a(OCoLC)229426819
=040  \\$aHNK$beng$cHNK$dHNK$dTXA$dOCLCQ$dCUS$dUk
=042  \\$aukblsr
=050  \4$aRC731$b.R473
=082  04$a616.2$223
=222  \0$aRespiratory medicine CME
=245  00$aRespiratory medicine CME$h[electronic resource].
=260  \\$aOxford :$bElsevier Science,$c2008-2011.
=310  \\$aQuarterly
=336  \\$atext$2rdacontent
=337  \\$acomputer$2rdamedia
=338  \\$aonline resource$2rdacarrier
=362  1\$aBegan with: vol. 1, issue 1 (2008) ; ceased with v.4, issue 4 (2011).
=540  \\$aCurrent copyright fee: GBP34.30$c5\1$5Uk
=588  \\$aDescription based on: Vol. 1, issue 1 (2008); title from PDF article running title (ScienceDirect, viewed Feb. 10, 2010).
=588  \\$aLatest issue consulted: Vol. 4, issue 4 (2009) (viewed July 24, 2012).
=650  \0$aRespiratory organs$xDiseases$vPeriodicals.
=650  \0$aChest$xDiseases$vPeriodicals.
=730  0\$aRespiratory medicine.
=772  0\$tRespiratory medicine (Online)$x1532-3064
=780  00$tRespiratory medicine extra$x1744-9049
=785  00$tRespiratory medicine case reports
=852  41$aBritish Library$bDSC$j7777.661908$3Volume 1:Issue 1(2008)-Volume 4:Issue 1(2011)***See ESTAR for full holdings.
=856  \\$31850-9999$uhttp://www.elsevier.com/journals$xBLDSS
=856  40$uhttp://www.sciencedirect.com/science/journal/17550017
=856  40$uhttp://www.sciencedirect.com/science?_ob=PublicationURL&_cdi=43714&_pubType=J&_acct=C000056388&_version=1&_urlVersion=0&_userid=2149949&md5=d4e0a34614103d1c93ac471faa9cb000&jchunk=1#1
=945  \\$aRespiratory medicine CME
=959  \\$fHeld but not currently received
=985  \\$aResponsibility for ISSN transferred to ISSN Netherlands, 14.06.07.
=ACF  \\$aPrevious Copyright Fee: GBP19.00$c5\5$e28-may-2008$fGBP19.00$g0$hP$5Uk
=ACF  \\$aPrevious copyright fee: GBP20.00$c5\1$e01-jan-2009$fGBP20.00$g0$hP$5Uk
=ACF  \\$aPrevious copyright fee: GBP21.00$c5\1$e01-jan-2012$fGBP21.00$g0$hP$5Uk
=ACF  \\$aPrevious copyright fee: GBP22.50$c5\1$e01-jan-2013$fGBP22.50$g0$hP$5Uk
=ACF  \\$aPrevious copyright fee: GBP23.40$c5\1$e01-jan-2018$fGBP23.40$g0$hP$5Uk
=CAT  \\$a7174$b40$c20080528$lBLL01$h1141
=CAT  \\$a8028$b40$c20080617$lBLL01$h1340
=CAT  \\$aBATCH-UPD$b40$c20081119$lBLL01$h1608
=CAT  \\$aBATCH-UPD$b40$c20081231$lBLL01$h2327
=CAT  \\$aBATCH-UPD$b40$c20090101$lBLL01$h0057
=CAT  \\$aBATCH$b00$c20090101$lBLL01$h0233
=CAT  \\$aWR10_164$c20101215$lBLL01$h1511
=CAT  \\$aWR11_155$c20111021$lBLL01$h1325
=CAT  \\$aWR11_155$c20111114$lBLL01$h1646
=CAT  \\$aBATCH-UPD$b00$c20111123$lBLL01$h1853
=CAT  \\$aIPL-CLA$c20111230$lBLL01$h2031
=CAT  \\$aCDS12-UPD$b40$c20120206$lBLL01$h1842
=CAT  \\$a8124$b40$c20120724$lBLL01$h1211
=CAT  \\$aBATCH-CLA$b00$c20121109$lBLL01$h1723
=CAT  \\$aBATCH-UPD$b00$c20121121$lBLL01$h1659
=CAT  \\$aIPL-CLA$c20121231$lBLL01$h1325
=CAT  \\$aIPL-CLA$c20130102$lBLL01$h1756
=CAT  \\$aBLDSS-3PM$b00$c20141222$lBLL01$h1718
=CAT  \\$aBATCH-UPD$b00$c20170304$lBLL01$h1227
=CAT  \\$aBATCH-UPD$b00$c20171121$lBLL01$h1750
=CAT  \\$aIPL-CLA$c20171231$lBLL01$h1734
=CAT  \\$a8874$b40$c20180531$lBLL01$h1443
=CAT  \\$aBATCH-UPD$b40$c20190521$lBLL01$h1441
=CAT  \\$aIPL-CLA$c20190630$lBLL01$h1540
=CAT  \\$aBATCH-UPD$b00$c20211119$lBLL01$h1558
=CAT  \\$aIPL-CLA$c20211231$lBLL01$h1544
=CFI  0\$aCurrent copyright fee: GBP34.30$c5\1$e01-jan-2022$fGBP34.30$g0$hP$5Uk
=CFI  2\$aPrevious copyright fee: GBP32.84$c5\1$e01-jul-2019$fGBP32.84$g0$hP$5Uk
=EST  \\$a1
=FFP  \\$aY$bBLDSS-3PM
=FIN  \\$aY$d20120724
=FMT  \\$a  SE
=LAS  \\$aIPL-CLA$b00$c20211231$lBLL01$h1544
=LKR  \\$aPAR$b013359735$lBLL01$r78000$mRespiratory medicine CME$nRespiratory medicine extra
=MNI  \\$a1755-0017
=SID  \\$aZ39$bOCLC
=TCO  \\$aCLA$bCLA$c008
=TOC  \\$aETOC

