=LDR  04074 as a2200949 a 4500
=001  014628485
=003  Uk
=005  20200108113536.0
=007  ta
=008  080528d20092014enkqr\p\\\\\\\0\\\a0eng\\
=015  \\$aGBA941180$2bnb
=022  0\$a1757-8361
=040  \\$aUk$beng$cUk
=042  \\$aukblsr
=082  04$a363.192$222
=210  0\$aQual. assur. saf. crop. foods$b(Print)
=222  \0$aQuality assurance and safety of crops & foods$b(Print)
=245  00$aQuality assurance and safety of crops & foods.
=246  3\$aQuality assurance and safety of crops and foods
=260  \\$aOxford :$bWiley-Blackwell,$c2009-[2014].
=300  \\$av. :$bill. ;$c28 cm.
=310  \\$aQuarterly
=336  \\$atext$2rdacontent
=337  \\$aunmediated$2rdamedia
=338  \\$avolume$2rdacarrier
=362  0\$aVol.1, issue 1 (Mar. 2009)-
=362  1\$aCeased in 2014.
=500  \\$aAlso available in Electronic Format: Route ALL FAILED DSC requests to Records Team
=540  \\$aCurrent copyright fee: zero$c0$5Uk
=550  \\$aThe official journal of the International Association for Cereal Science and Technology.
=650  \0$aCrops$xQuality control$vPeriodicals.
=650  \0$aCrops$xSafety measures$vPeriodicals.
=650  \0$aFood$xSafety measures$vPeriodicals.
=650  \0$aFood$xQuality control$vPeriodicals.
=710  2\$aInternational Association for Cereal Science and Technology.
=776  0\$tQuality assurance and safety of crops and foods$c(Online)$x1757-837X
=852  11$aBritish Library$bSTI$k(P)$h363.192$m-E(2)$3Vol. 1, issue 1 (Mar. 2009)-v. 5, no. 1 (2013)
=945  \\$aQuality assurance and safety of crops and foods
=979  \\$aBritish Library$bDSC$j7168.139190N
=985  \\$aISSN UK Centre note: responsibility transferred to ISSN Netherlands 12.1.18.
=ACF  \\$aPrevious copyright fee: GBP12.00$c0$e01-jan-2012$fGBP12.00$g0$hA$5Uk
=ACF  \\$aPrevious copyright fee: GBP10.50$c0$e01-jan-2011$fGBP10.50$g0$hA$5Uk
=ACF  \\$aPrevious copyright fee: GBP9.00$c0$e08-mar-2010$fGBP9.00$g0$hA$5Uk
=ACF  \\$aPrevious Copyright Fee: GBP22.60$c0$e01-jul-2012$fGBP22.60$g0$hC$5Uk
=ACF  \\$aPrevious Copyright Fee: GBP12.00$c0$e01-jan-2013$fGBP12.00$g0$hC$5Uk
=ACF  \\$aPrevious Copyright Fee: GBP22.60$c0$e01-oct-2012$fGBP22.60$g0$hC$5Uk
=ACF  \\$aPrevious copyright fee: GBP25.00$c99\0$e06-dec-2013$fGBP25.00$g0$hP$5Uk
=CAT  \\$a11316$b40$c20080528$lBLL01$h1603
=CAT  \\$aBATCH-UPD$b40$c20101124$lBLL01$h1952
=CAT  \\$aBATCH-UPD$b40$c20101125$lBLL01$h1218
=CAT  \\$aIPL-CLA$c20101231$lBLL01$h1525
=CAT  \\$aWR11_203$c20111204$lBLL01$h1514
=CAT  \\$aIPL-CLA$c20111230$lBLL01$h2031
=CAT  \\$aBATCH-CLA$b00$c20120531$lBLL01$h1714
=CAT  \\$aIPL-CLA$c20120629$lBLL01$h1039
=CAT  \\$aBATCH-CLA$b00$c20120831$lBLL01$h1542
=CAT  \\$aIPL-CLA$c20120930$lBLL01$h2131
=CAT  \\$aBATCH-CLA$b00$c20121109$lBLL01$h1723
=CAT  \\$aBATCH-CLA$b00$c20121130$lBLL01$h1246
=CAT  \\$aIPL-CLA$c20121231$lBLL01$h1325
=CAT  \\$aIPL-CLA$c20130102$lBLL01$h1756
=CAT  \\$a5552$b40$c20131206$lBLL01$h1222
=CAT  \\$a5552$b40$c20131206$lBLL01$h1341
=CAT  \\$aWR14_140$c20140905$lBLL01$h1819
=CAT  \\$aBLDSS-3PM$b00$c20150131$lBLL01$h2313
=CAT  \\$aBATCH-UPD$b00$c20160413$lBLL01$h1822
=CAT  \\$a10973$b40$c20180112$lBLL01$h1220
=CAT  \\$a5552$b40$c20180222$lBLL01$h1350
=CAT  \\$aIPL-CLA$c20180331$lBLL01$h1638
=CAT  \\$a12654$b40$c20191106$lBLL01$h1142
=CAT  \\$aIPL-CLA$c20191231$lBLL01$h2005
=CAT  \\$aDEL-3PM$c20200108$lBLL01$h0853
=CAT  \\$a5552$b40$c20200108$lBLL01$h1135
=CFI  0\$aCurrent copyright fee: zero$c0$e01-jan-2020$fGBP0.00$g0$hZ$5Uk
=CFI  2\$aPrevious copyright fee: GBP28.00$c99\0$e01-apr-2018$fGBP28.00$g0$hP$5Uk
=FIN  \\$aY$d20090424
=FMT  \\$a  SE
=LAS  \\$a5552$b40$c20200108$lBLL01$h1135
=LET  \0$aQuality assurance and safety of crops and foods (Print)
=TCO  \\$aCLA$bCLA$c008
=TOC  \\$aETOC
=UNO  \\$aY

