=LDR  04419cas a2201009 a 4500
=001  014630133
=003  Uk
=005  20221231144921.0
=006  m\\\\\\\\d\|\\\\\\
=007  cr||||||||||||
=008  080530c20059999enktr\p\s\\\\\0\\\a0eng\\
=015  \\$aGBB044824$2bnb
=022  0\$a1757-8418$y1744-1048
=037  \\$aISSN_17441048_21$bPortico$nTaylor & Francis
=040  \\$aUk$beng$cUk$dUk
=042  \\$aukblsr
=082  04$a340.905$223
=130  0\$aJournal of private international law (Online)
=222  \0$aJournal of private international law$b(Online)
=245  10$aJournal of private international law$h[electronic resource].
=260  \\$aOxford :$bHart Publishing,$c2005-
=264  31$32015-$aLondon :$bRoutledge Informa Ltd
=310  \\$aThree issues yearly,$b2008-
=321  \\$aSemiannual,$b2005-2007
=336  \\$atext$2rdacontent
=337  \\$acomputer$2rdamedia
=338  \\$aonline resource$2rdacarrier
=362  1\$aVol. 1, no. 1 (Jun. 2005)-
=500  \\$aTitle from issue contents page (IngentaConnect, viewed Mar. 27, 2010).
=530  \\$aAlso issued in print.
=538  \\$aMode of access: World Wide Web.
=538  \\$aSystem requirements: Adobe Acrobat Reader.
=540  \\$aCurrent copyright fee: GBP37.00$c2\0$5Uk
=588  \\$aDescription based on: Vol. 1, no. 1 (Apr. 2005)-.
=588  \\$aLatest issue consulted: volume 11, issue 1 (2015).
=650  \0$aConflict of laws$vPeriodicals.
=776  08$iAlso issued in print as:$tJournal of private international law$x1744-1048
=852  41$aBritish Library$bHMNTS$jELD Digital store$3Volume 9:Number 1(2013:Apr.)-
=856  \\$31850-9999$uhttp://www.tandfonline.com/$xBLDSS
=856  40$uhttp://www.hartjournals.co.uk/JPrivIntL/
=856  40$uhttp://www.ingentaconnect.com/content/hart/jpil
=856  40$uhttp://www.tandfonline.com/loi/rpil20
=859  \\$aELD$bejournal
=945  \\$aJournal of private international law.
=979  \\$aBritish Library$cDSC$j5042.472500
=985  \\$aISSN note: responsibility for ISSN transferred from UK to US, at request of US ISSN Center under multinational publisher agreement. 03.07.15.
=ACF  \\$aPrevious copyright fee: GBP26.00$c2\0$e10-mar-2016$fGBP26.00$g0$hP$5Uk
=ACF  \\$aPrevious copyright fee: GBP28.00$c2\0$e01-jan-2017$fGBP28.00$g0$hP$5Uk
=ACF  \\$aPrevious copyright fee: GBP30.00$c2\0$e01-jan-2018$fGBP30.00$g0$hP$5Uk
=ACF  \\$aPrevious copyright fee: GBP32.00$c2\0$e01-jan-2019$fGBP32.00$g0$hP$5Uk
=ACF  \\$aPrevious copyright fee: GBP34.00$c2\0$e01-jan-2020$fGBP34.00$g0$hP$5Uk
=CAT  \\$a11313$b40$c20080530$lBLL01$h1149
=CAT  \\$a7332$b40$c20100329$lBLL01$h1030
=CAT  \\$aWR13.114$c20130717$lBLL01$h1314
=CAT  \\$a11315$b40$c20150703$lBLL01$h1148
=CAT  \\$a11315$b40$c20150703$lBLL01$h1424
=CAT  \\$aWR15_120$c20150910$lBLL01$h1825
=CAT  \\$a11433$b40$c20160202$lBLL01$h1419
=CAT  \\$a5552$b40$c20160310$lBLL01$h1352
=CAT  \\$aBLDSS-3PM$b00$c20160317$lBLL01$h1142
=CAT  \\$aBATCH-UPD$b00$c20160413$lBLL01$h1822
=CAT  \\$aBATCH-UPD$b00$c20160703$lBLL01$h2343
=CAT  \\$aBATCH-UPD$b00$c20161122$lBLL01$h1514
=CAT  \\$aIPL-CLA$c20161230$lBLL01$h2306
=CAT  \\$a5997$b40$c20170208$lBLL01$h1432
=CAT  \\$a5552$b40$c20170407$lBLL01$h1054
=CAT  \\$aBATCH-UPD$b40$c20171121$lBLL01$h1649
=CAT  \\$aW1711-1005$c20171206$lBLL01$h1821
=CAT  \\$aIPL-CLA$c20171231$lBLL01$h1734
=CAT  \\$aBATCH-UPD$b00$c20181217$lBLL01$h1639
=CAT  \\$aIPL-CLA$c20181231$lBLL01$h1548
=CAT  \\$aBATCH-UPD$b00$c20191122$lBLL01$h1901
=CAT  \\$aIPL-CLA$c20191231$lBLL01$h2005
=CAT  \\$aBATCH-UPD$b00$c20201118$lBLL01$h1335
=CAT  \\$aIPL-CLA$c20201231$lBLL01$h1531
=CAT  \\$aBATCH-UPD$b00$c20221121$lBLL01$h1348
=CAT  \\$aIPL-CLA$c20221231$lBLL01$h1449
=CFI  0\$aCurrent copyright fee: GBP37.00$c2\0$e01-jan-2023$fGBP37.00$g0$hP$5Uk
=CFI  2\$aPrevious copyright fee: GBP35.00$c2\0$e01-jan-2021$fGBP35.00$g0$hP$5Uk
=FFP  \\$aY$bBLDSS-3PM
=FIN  \\$aY$d20080530
=FMT  \\$a  SE
=LAS  \\$aIPL-CLA$b00$c20221231$lBLL01$h1449
=LET  \0$aJournal of private international law (Electronic)
=LKR  \\$aPAR$b012909556$lBLL01$r776$mJournal of private international law (Online)$nJournal of private international law (Print)
=TCO  \\$aCLA$bCLA$c008
=TOC  \\$aETOC

