=LDR  06299cas a2201249 a 4500
=001  014766930
=003  Uk
=005  20211231172655.0
=007  ta
=008  081001d20082011xxumr\p\\\\\\\0\\\a0eng\\
=015  \\$aGBA8B5195$2bnb
=022  0\$y1541-3233
=040  \\$aUk$beng$cUk$dUk
=042  \\$aukblsr
=082  04$a387.74209705$222
=130  0\$aOAG pocket flight guide. North America (2008)
=245  10$aOAG pocket flight guide.
=246  30$aNorth America
=246  3\$aOfficial airline guide pocket flight guide.$pNorth America
=250  \\$aNorth America [ed.].
=260  \\$aDowners Grove, Ill. ;$aDunstable :$bOAG Worldwide,$c2008-2011.
=300  \\$av. ;$c22 cm.
=310  \\$aMonthly
=336  \\$atext$2rdacontent
=337  \\$aunmediated$2rdamedia
=338  \\$avolume$2rdacarrier
=362  0\$aJan 08-Dec. 2011.
=540  \\$aCurrent Copyright Fee: GBP3.27$c0$5Uk
=580  \\$aMerged with: OAG pocket flight guide. Latin America, Caribbean (2008), to form: OAG pocket flight guide. Americas.
=650  \0$aAirlines$zCaribbean Area$vTimetables$vPeriodicals.
=650  \0$aAirlines$zMexico$vTimetables$vPeriodicals.
=650  \0$aAirlines$zNorth America$vTimetables$vPeriodicals.
=780  00$tOAG executive flight guide. North America
=785  17$tOAG pocket flight guide. Latin America, Caribbean (2008)
=785  17$tOAG pocket flight guide. Americas
=852  41$aBritish Library$bHMNTS$jZK.9.a.6379$3Jan. (2008)-Dec. (2011)
=985  \\$aPrepub record exists but not merged as there is an outstanding issue with ISSN responsibility
=ACF  \\$aPrevious Copyright Fee: GBP2.90$c0$e01-apr-2012$fGBP2.90$g0$hC$5Uk
=ACF  \\$aPrevious Copyright Fee: GBP2.70$c0$e01-jan-2012$fGBP2.70$g0$hC$5Uk
=ACF  \\$aPrevious Copyright Fee: GBP2.70$c0$e01-oct-2011$fGBP2.70$g0$hC$5Uk
=ACF  \\$aPrevious Copyright Fee: GBP2.70$c0$e01-jul-2011$fGBP2.70$g0$hC$5Uk
=ACF  \\$aPrevious Copyright Fee: GBP2.70$c0$e01-apr-2011$fGBP2.70$g0$hC$5Uk
=ACF  \\$aPrevious Copyright Fee: GBP2.70$c0$e01-jan-2011$fGBP2.70$g0$hC$5Uk
=ACF  \\$aPrevious Copyright Fee: GBP2.70$c0$e01-oct-2010$fGBP2.70$g0$hC$5Uk
=ACF  \\$aPrevious Copyright Fee: GBP2.70$c0$e01-jul-2010$fGBP2.70$g0$hC$5Uk
=ACF  \\$aPrevious Copyright Fee: GBP2.70$c0$e01-apr-2010$fGBP2.70$g0$hC$5Uk
=ACF  \\$aPrevious Copyright Fee: GBP2.70$c0$e01-Jan-2010$fGBP2.70$g0$hC$5Uk
=ACF  \\$aPrevious Copyright Fee: GBP2.70$c0$e01-oct-2009$fGBP2.70$g0$hC$5Uk
=ACF  \\$aPrevious Copyright Fee: GBP3.21$c0$e01-jul-2009$fGBP3.21$g0$hC$5Uk
=ACF  \\$aPrevious Copyright Fee: GBP3.21$c0$e01-apr-2009$fGBP3.21$g0$hC$5Uk
=ACF  \\$aPrevious Copyright Fee: GBP2.81$c0$e01-jan-2009$fGBP2.81$g0$hC$5Uk
=ACF  \\$aPrevious Copyright Fee: GBP2.73$c0$e01-jul-2012$fGBP2.73$g0$hC$5Uk
=ACF  \\$aPrevious Copyright Fee: GBP2.90$c0$e01-oct-2012$fGBP2.90$g0$hC$5Uk
=ACF  \\$aPrevious Copyright Fee: GBP2.81$c0$e01-jan-2013$fGBP2.81$g0$hC$5Uk
=ACF  \\$aPrevious Copyright Fee: GBP2.90$c0$e01-jul-2013$fGBP2.90$g0$hC$5Uk
=ACF  \\$aPrevious Copyright Fee: GBP2.70$c0$e01-oct-2013$fGBP2.70$g0$hC$5Uk
=ACF  \\$aPrevious Copyright Fee: GBP2.81$c0$e01-jan-2014$fGBP2.81$g0$hC$5Uk
=ACF  \\$aPrevious Copyright Fee: GBP2.73$c0$e01-jul-2014$fGBP2.73$g0$hC$5Uk
=ACF  \\$aPrevious Copyright Fee: GBP1.82$c0$e01-jan-2015$fGBP1.82$g0$hC$5Uk
=ACF  \\$aPrevious Copyright Fee: GBP2.00$c0$e01-apr-2015$fGBP2.00$g0$hC$5Uk
=ACF  \\$aPrevious Copyright Fee: GBP1.94$c0$e01-oct-2015$fGBP1.94$g0$hC$5Uk
=ACF  \\$aPrevious Copyright Fee: GBP2.07$c0$e01-apr-2016$fGBP2.07$g0$hC$5Uk
=ACF  \\$aPrevious Copyright Fee: GBP2.22$c0$e01-oct-2016$fGBP2.22$g0$hC$5Uk
=ACF  \\$aPrevious Copyright Fee: GBP2.40$c0$e01-apr-2017$fGBP2.40$g0$hC$5Uk
=ACF  \\$aPrevious Copyright Fee: GBP2.28$c0$e01-oct-2017$fGBP2.28$g0$hC$5Uk
=ACF  \\$aPrevious Copyright Fee: GBP2.31$c0$e01-jan-2018$fGBP2.31$g0$hC$5Uk
=ACF  \\$aPrevious Copyright Fee: GBP2.14$c0$e01-apr-2018$fGBP2.14$g0$hC$5Uk
=ACF  \\$aPrevious Copyright Fee: GBP2.31$c0$e01-oct-2018$fGBP2.31$g0$hC$5Uk
=ACF  \\$aPrevious Copyright Fee: GBP2.40$c0$e01-oct-2019$fGBP2.40$g0$hC$5Uk
=ACF  \\$aPrevious Copyright Fee: GBP2.31$c0$e01-apr-2020$fGBP2.31$g0$hC$5Uk
=ACF  \\$aPrevious Copyright Fee: GBP2.40$c0$e01-jul-2020$fGBP2.40$g0$hC$5Uk
=ACF  \\$aPrevious Copyright Fee: GBP2.23$c0$e01-apr-2021$fGBP2.23$g0$hC$5Uk
=ACF  \\$aPrevious Copyright Fee: GBP2.17$c0$e01-jul-2021$fGBP2.17$g0$hC$5Uk
=CAT  \\$a8124$b40$c20081001$lBLL01$h1145
=CAT  \\$aIPL-CLA$c20160930$lBLL01$h1622
=CAT  \\$aBATCH-CLA$b00$c20170228$lBLL01$h1632
=CAT  \\$aIPL-CLA$c20170331$lBLL01$h1900
=CAT  \\$aBATCH-CLA$b00$c20170831$lBLL01$h1633
=CAT  \\$aIPL-CLA$c20170929$lBLL01$h1746
=CAT  \\$aBATCH-CLA$b00$c20171130$lBLL01$h1716
=CAT  \\$aIPL-CLA$c20171231$lBLL01$h1737
=CAT  \\$aBATCH-CLA$b00$c20180228$lBLL01$h1647
=CAT  \\$aIPL-CLA$c20180331$lBLL01$h1640
=CAT  \\$aBATCH-CLA$b00$c20180831$lBLL01$h1630
=CAT  \\$aIPL-CLA$c20180930$lBLL01$h1509
=CAT  \\$aBATCH-CLA$b00$c20190909$lBLL01$h1720
=CAT  \\$aIPL-CLA$c20190930$lBLL01$h1645
=CAT  \\$aBATCH-CLA$b00$c20200228$lBLL01$h1639
=CAT  \\$aIPL-CLA$c20200331$lBLL01$h1622
=CAT  \\$aBATCH-CLA$b00$c20200529$lBLL01$h1538
=CAT  \\$aIPL-CLA$c20200701$lBLL01$h0105
=CAT  \\$aBATCH-CLA$b00$c20210227$lBLL01$h1017
=CAT  \\$aIPL-CLA$c20210331$lBLL01$h1852
=CAT  \\$aBATCH-CLA$b00$c20210528$lBLL01$h1529
=CAT  \\$aIPL-CLA$c20210704$lBLL01$h1121
=CAT  \\$aBATCH-CLA$b00$c20210917$lBLL01$h1607
=CAT  \\$aIPL-CLA$c20210930$lBLL01$h1653
=CAT  \\$aBATCH-CLA$b00$c20211203$lBLL01$h0820
=CAT  \\$aIPL-CLA$c20211231$lBLL01$h1726
=CFI  0\$aCurrent Copyright Fee: GBP3.27$c0$e01-jan-2022$fGBP3.27$g0$hC$5Uk
=CFI  2\$aPrevious Copyright Fee: GBP2.13$c0$e01-oct-2021$fGBP2.13$g0$hC$5Uk
=FIN  \\$aY$d20081001
=FMT  \\$a  SE
=LAS  \\$aIPL-CLA$b00$c20211231$lBLL01$h1726
=LET  \0$aOAG pocket flight guide. North America
=LKR  \\$aPAR$b013757761$lBLL01$r78000$mOAG pocket flight guide.$nOAG executive flight guide.
=TCO  \\$aTRS$bCCC$c008

