=LDR  02428 as a2200589 a 4500
=001  014766948
=003  Uk
=005  20120126091239.0
=007  ta
=008  081001d20082011ilumr\p\\rfr\\0\\\a0eng\\
=015  \\$aGBA8B5201$2bnb
=040  \\$aUk$beng$cUk$dUk
=042  \\$aukblsr
=082  04$a387.7209805$222
=130  0\$aOAG pocket flight guide. Latin America, Caribbean (2008)
=245  10$aOAG pocket flight guide.
=246  13$aOfficial airline guide
=246  14$aOAG pocket flight guide, Latin America
=246  18$aPocket guide to America
=250  \\$aLatin America, Caribbean [ed.].
=260  \\$aDowners Grove, Ill. ;$aDunstable :$bOAG Worldwide,$c2008-2011.
=300  \\$av. :$bmaps ;$c21 cm.
=310  \\$aMonthly
=336  \\$atext$2rdacontent
=337  \\$aunmediated$2rdamedia
=338  \\$avolume$2rdacarrier
=362  0\$aJan. 2008-Dec. 2011.
=580  \\$aMerged with: OAG pocket flight guide. North America (2008), to form: OAG pocket flight guide. Americas.
=588  \\$aLatest issue consulted: vol. 25, no. 5 (Nov. 2011).
=650  \0$aAirlines$vTimetables$vPeriodicals.
=710  2\$aOfficial Airline Guides, inc.
=780  00$tLatin America, Caribbean executive flight guide
=785  17$tOAG pocket flight guide. North America (2008)
=785  17$tOAG pocket flight guide. Americas
=852  41$aBritish Library$bHMNTS$jZK.9.a.6380$3Jan. (2008)-Dec. (2011)
=985  \\$aISSN pre-pub record not used as query regarding possible ISSN responsibility.
=CAT  \\$a11315$b40$c20081001$lBLL01$h1152
=CAT  \\$a11315$b40$c20081001$lBLL01$h1153
=CAT  \\$a11315$b40$c20081001$lBLL01$h1154
=CAT  \\$a10932$b40$c20090622$lBLL01$h1133
=CAT  \\$a11315$b40$c20111115$lBLL01$h1533
=CAT  \\$a8124$b40$c20120126$lBLL01$h0904
=CAT  \\$a8124$b40$c20120126$lBLL01$h0911
=CAT  \\$a8124$b40$c20120126$lBLL01$h0912
=CAT  \\$aWR14_140$c20140905$lBLL01$h1820
=FIN  \\$aY$d20081001
=FMT  \\$a  SE
=LAS  \\$aWR14_140$b00$c20140905$lBLL01$h1820
=LET  \0$aOAG pocket flight guide. Latin America, Caribbean
=LKR  \\$aPAR$b014766930$lBLL01$r78517$mOAG pocket flight guide. Latin America, Caribbean. (2008)$nOAG pocket flight guide. North America (2008)
=LKR  \\$aPAR$b007895928$lBLL01$r78000$mOAG pocket flight guide. Latin America, Caribbean. (2008).$nLatin America, Caribbean executive flight guide.
=TCO  \\$aTRS$bCCC$c008

