=LDR  02060 as a2200553 a 4500
=001  014776409
=003  Uk
=005  20100423114354.0
=007  ta
=008  081014c20089999enkbr\p\\\\\\\0\\\a0fre\\
=015  \\$aGBA944189$2bnb
=022  \\$a1759-1945
=040  \\$aUk$beng$cUk
=042  \\$aukblsr
=082  04$a338.096$222
=130  0\$aAfrican business (Edition française)
=222  \0$aAfrican business$b(Ed. française)
=245  10$aAfrican business.
=250  \\$aEd. française
=260  \\$aParis ;$aLondon :$bIC Publications
=300  \\$av. :$bill. (some col.), maps (some col.), ports. (some col.) ;$c27 cm.
=310  \\$aBimonthly
=336  \\$atext$2rdacontent
=337  \\$aunmediated$2rdamedia
=338  \\$avolume$2rdacarrier
=362  1\$aBegan with Nov./Dec. 2008 issue?
=500  \\$a"Le magazine des dirigeants africains."
=500  \\$aDescription based on: No 2 (janv./févr. 2009).
=650  \0$aBusiness enterprises$zAfrica$vPeriodicals.
=650  \0$aBusiness$vPeriodicals.
=651  \0$aAfrica$xCommerce$vPeriodicals.
=690  7\$aManagement and Business Studies$2blcoll
=775  0\$tAfrican business$x0141-3929
=852  11$aBritish Library$bSTI$cBIPC$k(P)$h338.096$m-F(1) Business$3No 1 (2008)-no. 2 (2009)***Last 4 years
=985  \\$aISSN UK Centre - Responsibility for ISSN transferred to French ISSN Centre from ISSN UK Centre, 05.05.2009
=CAT  \\$a7152$b40$c20081014$lBLL01$h1130
=CAT  \\$a11313$b40$c20090505$lBLL01$h1032
=CAT  \\$a11313$b40$c20090505$lBLL01$h1037
=CAT  \\$a8871$b40$c20090505$lBLL01$h1523
=CAT  \\$a10806$b40$c20100423$lBLL01$h1143
=CAT  \\$aBATCH690$c20100715$lBLL01$h2109
=CAT  \\$aBATCH-MBS$c20100716$lBLL01$h2052
=CAT  \\$aWR14_140$c20140905$lBLL01$h1820
=FIN  \\$aY$d20090505
=FMT  \\$a  SE
=LAS  \\$aWR14_140$b00$c20140905$lBLL01$h1820
=LET  \0$aAfrican business (French edition)
=LKR  \\$aPAR$b009189461$lBLL01$nAfrican business$mAfrican business (Edition française)$r775
=TCO  \\$aCLA$bCLA$c008

