=LDR  03535cas a2200769 a 4500
=001  014778905
=003  Uk
=005  20230914113802.0
=007  ta
=008  081015c20089999gw\fx\p\\\\\\\0\\\a0eng\\
=022  \\$a1435-1935
=040  \\$aUk$beng$cUk$dUk
=042  \\$aukblsr
=082  04$a590$222
=245  00$aZoosystematics and evolution :$bMitteilungen aus dem Museum für Naturkunde in Berlin.
=246  3\$aMitteilungen aus dem Museum für Naturkunde in Berlin.$pZoosystematics and evolution
=260  \\$aWeinheim :$bWiley-VCH,$c2008-
=300  \\$av. :$bill. (some col.), maps, col. ports. ;$c30 cm.
=310  \\$aTwo issues yearly
=336  \\$atext$2rdacontent
=337  \\$aunmediated$2rdamedia
=338  \\$avolume$2rdacarrier
=362  0\$a84, 1 (2008)-
=530  \\$aAlso issued online.
=540  \\$aCurrent Copyright Fee: GBP28.00$c0$5Uk
=650  \0$aZoology$vPeriodicals.
=650  \0$aAnimals$vClassification$vPeriodicals.
=650  \0$aEvolution (Biology)$vPeriodicals.
=710  2\$aHumboldt-Universität zu Berlin.$bMuseum für Naturkunde.$bInstitut für Systematische Zoologie.
=780  00$tMitteilungen aus dem Museum für Naturkunde in Berlin. Zoologische Reihe$x1435-1935
=852  41$aBritish Library$bDSC$j9531.880000$3Vol. 84, no. 1 (2008)-v. 84, no. 2 (2008)***UKRR Retained Title
=945  \\$aZoosystematics and evolution
=959  \\$fCurrently received
=985  \\$aCorrected by MS generated file for WR# 12.018
=985  \\$aISSN responsibility held by ISSN Germany. Title change considered minor, new ISSN not assigned.
=ACF  \\$aPrevious copyright fee: GBP22.00$c35\0$e01-jan-2011$fGBP22.00$g0$hP$5Uk
=ACF  \\$aPrevious copyright fee: GBP17.00$c35\0$e03-nov-2008$fGBP17.00$g0$hP$5Uk
=ACF  \\$aBritish Library not licensed to copy$c0$e06-feb-2014$hC$iTX$5Uk
=ACF  \\$aPrevious Copyright Fee: GBP22.00$c0$e01-apr-2014$fGBP22.00$g0$hC$5Uk
=ACF  \\$aPrevious Copyright Fee: GBP24.00$c0$e01-oct-2015$fGBP24.00$g0$hC$5Uk
=ACF  \\$aPrevious Copyright Fee: GBP28.00$c0$e01-apr-2019$fGBP28.00$g0$hC$5Uk
=CAT  \\$a11316$b40$c20081015$lBLL01$h1028
=CAT  \\$a9599$b40$c20081103$lBLL01$h0929
=CAT  \\$a9599$b40$c20081103$lBLL01$h0930
=CAT  \\$aBATCH-UPD$b40$c20101116$lBLL01$h1335
=CAT  \\$aIPL-CLA$c20101231$lBLL01$h1526
=CAT  \\$aBLSS-CORR$b00$c20120724$lBLL01$h1800
=CAT  \\$a5552$b40$c20140206$lBLL01$h1119
=CAT  \\$aBATCH-CLA$b00$c20140228$lBLL01$h1618
=CAT  \\$aIPL-CLA$c20140331$lBLL01$h1635
=CAT  \\$aBATCH-CLA$b00$c20150828$lBLL01$h1542
=CAT  \\$aBATCH-UPD$b00$c20150828$lBLL01$h1700
=CAT  \\$aIPL-CLA$c20150930$lBLL01$h1829
=CAT  \\$aBATCH-CLA$b00$c20190228$lBLL01$h1624
=CAT  \\$aIPL-CLA$c20190331$lBLL01$h1729
=CAT  \\$aBATCH-CLA$b00$c20221130$lBLL01$h1457
=CAT  \\$aIPL-CLA$c20221231$lBLL01$h2222
=CAT  \\$aBATCH-CLA$b00$c20230209$lBLL01$h1544
=CAT  \\$aIPL-CLA$c20230210$lBLL01$h0107
=CAT  \\$a3072$b40$c20230914$lBLL01$h1138
=CFI  0\$aCurrent Copyright Fee: GBP28.00$c0$e09-feb-2023$fGBP28.00$g0$hC$5Uk
=CFI  2\$aBritish Library not licensed to copy$c0$e01-jan-2023$hC$iCFP Excluded$5Uk
=FIN  \\$aY$d20081015
=FMT  \\$a  SE
=LAS  \\$a3072$b40$c20230914$lBLL01$h1138
=LKR  \\$aPAR$b011765753$lBLL01$r78000$mZoosystematics and evolution : Mitteilungen aus dem Museum für Naturkunde in Berlin.$nMITTEILUNGEN- MUSEUM FUR NATURKUNDE IN BERLIN ZOOLOGISCHE REIHE.
=TCO  \\$aDEU$bVG WORT$c008

