=LDR  03951cas a2200889 a 4500
=001  014851378
=003  Uk
=005  20230210010744.0
=007  ta
=008  081209c20129999xxubr\p\\\\\\\0\\\a0eng\\
=022  0\$a1759-7684
=040  \\$aUk$beng$cUk
=042  \\$aukblsr
=082  04$a571.805$223
=210  0\$aWiley interdiscip. rev., Dev. biol.$b(Print)
=222  \0$aWiley interdisciplinary reviews. Developmental biology$b(Print)
=245  00$aWIREs.$pDevelopmental biology.
=246  30$aDevelopmental biology
=246  18$aWiley interdisciplinary reviews.$pDevelopmental biology
=260  \\$a[United States] :$bWiley,$c2012-
=300  \\$av. :$bill. (some col.) ;$c28 cm.
=310  \\$aBimonthly
=336  \\$atext$2rdacontent
=337  \\$aunmediated$2rdamedia
=338  \\$avolume$2rdacarrier
=362  0\$aVol. 1, no. 1 (Jan./Feb. 2012)-
=540  \\$aCurrent Copyright Fee: GBP45.00$c0$5Uk
=550  \\$aPublished in association with the Society for Developmental Biology.
=650  \0$aDevelopmental biology$vPeriodicals.
=710  2\$aSociety for Developmental Biology.
=776  0\$tWiley interdisciplinary reviews. Developmental biology (Online)$x1759-7692
=852  11$aBritish Library$bSTI$k(P)$h571.8$m-E(2)$3Vol. 1, no. 1 (Jan./Feb. 2012)-v. 1, no. 2 (2012)***title now taken as electronic copy only
=985  \\$aResponsibility for ISSN transferred, prior to completion, to US ISSN Centre from ISSN UK Centre, 27/02/12. Please update record when register record appears.
=ACF  \\$aPrevious Copyright Fee: GBP21.21$c0$e01-jul-2014$fGBP21.21$g0$hC$5Uk
=ACF  \\$aPrevious Copyright Fee: GBP22.00$c0$e01-jan-2015$fGBP22.00$g0$hC$5Uk
=ACF  \\$aPrevious Copyright Fee: GBP28.00$c0$e01-apr-2019$fGBP28.00$g0$hC$5Uk
=ACF  \\$aPrevious Copyright Fee: GBP24.00$c0$e01-oct-2015$fGBP24.00$g0$hC$5Uk
=ACF  \\$aPrevious copyright fee: GBP28.00$c35\0$e04-jun-2019$fGBP28.00$g0$hP$5Uk
=ACF  \\$aPrevious Copyright Fee: GBP46.00$c35\0$e01-jan-2020$fGBP46.00$g0$hP$5Uk
=ACF  \\$aPrevious Copyright Fee: GBP22.50$c0$e01-jan-2022$fGBP22.50$g0$hA$5Uk
=ACF  \\$aPrevious Copyright Fee: GBP45.00$c0$e01-apr-2022$fGBP45.00$g0$hC$5Uk
=CAT  \\$a11313$b40$c20081209$lBLL01$h0843
=CAT  \\$a8483$b40$c20120424$lBLL01$h1355
=CAT  \\$a11315$b40$c20120719$lBLL01$h0901
=CAT  \\$aBATCH-CLA$b00$c20140530$lBLL01$h1706
=CAT  \\$aIPL-CLA$c20140630$lBLL01$h1742
=CAT  \\$aBATCH-CLA$b00$c20141128$lBLL01$h0928
=CAT  \\$aIPL-CLA$c20141231$lBLL01$h1659
=CAT  \\$aBATCH-CLA$b00$c20150828$lBLL01$h1541
=CAT  \\$aIPL-CLA$c20150930$lBLL01$h1830
=CAT  \\$aBATCH-CLA$b00$c20190228$lBLL01$h1622
=CAT  \\$aIPL-CLA$c20190331$lBLL01$h1729
=CAT  \\$a8055$b40$c20190604$lBLL01$h1224
=CAT  \\$aBATCH-UPD$b40$c20190604$lBLL01$h2335
=CAT  \\$aBLDSS-3PM$b00$c20190613$lBLL01$h0847
=CAT  \\$aBATCH-UPD$b00$c20190613$lBLL01$h0847
=CAT  \\$aR1911-0245$c20191127$lBLL01$h1015
=CAT  \\$aR1911-0245$c20191127$lBLL01$h1031
=CAT  \\$aR1911-0245$c20191127$lBLL01$h1034
=CAT  \\$aIPL-CLA$c20191231$lBLL01$h2008
=CAT  \\$a12654$b40$c20211026$lBLL01$h0939
=CAT  \\$aIPL-CLA$c20211231$lBLL01$h1727
=CAT  \\$aDEL-3PM$c20220105$lBLL01$h1525
=CAT  \\$aBATCH-CLA$b00$c20220304$lBLL01$h1533
=CAT  \\$aIPL-CLA$c20220331$lBLL01$h2301
=CAT  \\$aBATCH-CLA$b00$c20221130$lBLL01$h1436
=CAT  \\$aIPL-CLA$c20221231$lBLL01$h2224
=CAT  \\$aBATCH-CLA$b00$c20230209$lBLL01$h1523
=CAT  \\$aIPL-CLA$c20230210$lBLL01$h0107
=CFI  0\$aCurrent Copyright Fee: GBP45.00$c0$e09-feb-2023$fGBP45.00$g0$hC$5Uk
=CFI  2\$aBritish Library not licensed to copy$c0$e01-jan-2023$hC$iCFP Excluded$5Uk
=FIN  \\$aY$d20120228
=FMT  \\$a  SE
=LAS  \\$aIPL-CLA$b00$c20230210$lBLL01$h0107
=LET  \0$aWIREs. Developmental biology (Print)
=TCO  \\$aCLA$bCLA$c008
=UNO  \\$aY

