=LDR  05111cas a2201153 a 4500
=001  014851381
=003  Uk
=005  20230316164623.0
=006  m\\\\\\\\d\\\\\\\\
=007  cr\|||||||||||
=008  120126d20122021njubr\poo\\\\\0\\\a0eng\c
=010  \\$a2012263003
=015  \\$aGBB350613$2bnb
=016  7\$a101576624$2DNLM
=022  0\$a1759-7692$y1759-7684$21
=035  \\$a(OCoLC)773942908
=037  \\$aISSN_17597684$bPortico$nWiley
=040  \\$aTXA$cTXA$dTXA$dDLC$dNLM$dUk
=042  \\$aukblsr
=050  14$aQH491$b.W455
=060  10$aW1
=082  04$a571.805$223
=130  0\$aWiley interdisciplinary reviews. Developmental biology (Online)
=210  10$aWiley Interdiscip Rev Dev Biol$2dnlm
=210  0\$aWiley interdiscip. rev., Dev. biol.$b(Online)
=222  \0$aWiley interdisciplinary reviews. Developmental biology$b(Online)
=245  10$aWiley interdisciplinary reviews.$pDevelopmental biology$h[electronic resource].
=246  1\$aInterdisciplinary reviews.$pDevelopmental biology
=246  1\$aWIREs.$pDevelopmental biology
=246  10$aDevelopmental biology
=246  1\$aWIREs dev biol
=260  \\$aMalden, MA :$bWiley Periodicals,$c-[2021]
=310  \\$aBimonthly
=336  \\$atext$2rdacontent
=337  \\$acomputer$2rdamedia
=338  \\$aonline resource$2rdacarrier
=362  1\$aBegan with: Vol. 1, issue 1 (Jan./Feb. 2012).
=362  1\$aCeased with volume 10, number 6 (November/December 2021).
=530  \\$aAlso issued in print.
=540  \\$aCurrent Copyright Fee: GBP25.00$c0$5Uk
=588  \\$aDescription based on: Vol. 1, issue 1 (Jan./Feb. 2012); title from issue table of contents (Wiley Online Library, viewed Jan. 23, 2012).
=588  \\$aLatest issue consulted: volume 10, number 6 (November/December 2021). (Viewed Mar. 16, 2023).
=650  \0$aDevelopmental biology$vPeriodicals.
=710  2\$aSociety for Developmental Biology.
=776  08$iPrint version:$tWiley interdisciplinary reviews. Developmental biology (Print)$x1759-7684
=785  04$tWiley interdisciplinary reviews. Mechanisms of disease$x2692-9368
=852  41$aBritish Library$bSTI$jELD Digital store$3Volume 2:Number 1(2013:Jan./Feb.)-Volume 10:Number 6(2021)***Previous issues available in print copy
=852  41$aBritish Library$bDSC$j9838.207200$3Volume 1:Issue 1(2012)-Volume 2:Issue 6(2013)***See ESTAR for full holdings.
=856  4\$uhttp://onlinelibrary.wiley.com/journal/10.1111/%28ISSN%291759-7692
=859  \\$aELD$bejournal
=945  \\$aWiley interdisciplinary reviews developmental biology
=959  \\$fHeld but not currently received
=985  \\$aResponsibility for ISSN transferred prior to completion to US ISSN Center from ISSN UK Centre, 27/02/12
=ACF  \\$aPrevious copyright fee: GBP22.00$c35\0$e05-apr-2012$fGBP22.00$g0$hP$5Uk
=ACF  \\$aPrevious copyright fee: GBP24.00$c35\0$e01-mar-2015$fGBP24.00$g0$hP$5Uk
=ACF  \\$aPrevious copyright fee: GBP28.00$c35\0$e01-jan-2019$fGBP28.00$g0$hP$5Uk
=ACF  \\$aPrevious Copyright Fee: GBP46.00$c35\0$e01-jan-2020$fGBP46.00$g0$hP$5Uk
=CAT  \\$a11313$b40$c20081209$lBLL01$h0847
=CAT  \\$a8483$b40$c20120424$lBLL01$h1347
=CAT  \\$a8874$b40$c20130523$lBLL01$h0855
=CAT  \\$aWR13.114$c20130717$lBLL01$h1314
=CAT  \\$aBATCH-PORT$c20130829$lBLL01$h1114
=CAT  \\$a12654$b40$c20140107$lBLL01$h0817
=CAT  \\$aWR14_009$c20140204$lBLL01$h2343
=CAT  \\$aBLDSS-3PM$b00$c20141214$lBLL01$h1525
=CAT  \\$aBATCH-UPD$b00$c20150215$lBLL01$h1702
=CAT  \\$aIPL-CLA$c20150228$lBLL01$h2054
=CAT  \\$aBATCH-UPD$b00$c20160520$lBLL01$h1449
=CAT  \\$aW1711-1005$c20171206$lBLL01$h1821
=CAT  \\$aBATCH-UPD$b00$c20180219$lBLL01$h1753
=CAT  \\$aBATCH-UPD$b00$c20181121$lBLL01$h1625
=CAT  \\$aIPL-CLA$c20181231$lBLL01$h1548
=CAT  \\$aR1911-0245$c20191127$lBLL01$h1015
=CAT  \\$aR1911-0245$c20191127$lBLL01$h1031
=CAT  \\$aR1911-0245$c20191127$lBLL01$h1034
=CAT  \\$a5410$b40$c20191213$lBLL01$h0857
=CAT  \\$aIPL-CLA$c20191231$lBLL01$h2008
=CAT  \\$a12654$b40$c20211026$lBLL01$h0938
=CAT  \\$aIPL-CLA$c20211231$lBLL01$h1544
=CAT  \\$a12654$b40$c20220105$lBLL01$h1013
=CAT  \\$aDEL-3PM$c20220105$lBLL01$h1525
=CAT  \\$aBATCH-CLA$b00$c20221221$lBLL01$h1909
=CAT  \\$aIPL-CLA$c20221231$lBLL01$h1449
=CAT  \\$a10969$b40$c20230316$lBLL01$h1618
=CAT  \\$a10969$b40$c20230316$lBLL01$h1620
=CAT  \\$a10969$b40$c20230316$lBLL01$h1646
=CFI  0\$aCurrent Copyright Fee: GBP25.00$c0$e01-jan-2023$fGBP25.00$g0$hA$5Uk
=CFI  2\$aPrevious Copyright Fee: GBP22.50$c0$e01-jan-2022$fGBP22.50$g0$hA$5Uk
=EST  \\$a1
=FIN  \\$aY$d20120424
=FMT  \\$a  SE
=LAS  \\$a10969$b40$c20230316$lBLL01$h1646
=LET  \0$aWiley interdisciplinary reviews. Developmental biology (Online)
=LKR  \\$aPAR$b014851378$lBLL01$r776$mWiley interdisciplinary reviews. Developmental biology (Online)$nWIREs.
=MNI  \\$a1759-7684
=SID  \\$aZ39$bOCLC
=TCO  \\$aCLA$bCLA$c008
=TOC  \\$aETOC
=UNO  \\$aY

