=LDR  05787cas a2201225 a 4500
=001  014890615
=003  Uk
=005  20221231144944.0
=006  m\\\\\o\\d\\\\\\\\
=007  cr\un|||||||||
=008  050614c20059999enkfx\pso\\\\\0\\\a0eng\c
=010  \\$a  2014203062
=015  \\$aGBB5H9410$2bnb
=016  7\$a2191601-9$2DE-600
=022  0\$a2040-0934$y1479-4713$21
=035  \\$a(OCoLC)60618546
=037  \\$aISSN_14794713_21$bPortico$nTaylor & Francis
=040  \\$aOCLCS$beng$cOCLCS$dW2U$dHEBIS$dOCLCQ$dCUI$dOCLCQ$dOCLCF$dDLC$dTXA$dUk
=042  \\$aukblsr
=050  14$aNX456.5.P38$bI68
=082  04$a700.285$223
=130  0\$aInternational journal of performance arts and digital media (Online)
=222  \0$aInternational journal of performance arts and digital media$b(Online)
=245  10$aInternational journal of performance arts and digital media$h[electronic resource].
=246  1\$aPerformance arts and digital media
=246  1\$aIJPADM
=246  1\$aPADM
=260  \\$aBristol :$bIntellect
=264  \1$32005-2013:$a[Bristol] :$bIntellect Ltd.,$c2005-
=264  31$32014- :$a[Abingdon, Oxfordshire, UK] :$bRoutledge
=310  \\$aTwo issues per year,$b2010-
=321  \\$aThree issues yearly
=321  \\$aThree no. a year,$b2005-2009
=336  \\$atext$2rdacontent
=337  \\$acomputer$2rdamedia
=338  \\$aonline resource$2rdacarrier
=362  1\$aBegan with: Vol. 1, no. 1 (2005).
=515  \\$aSome issues published in combined form.
=538  \\$aMode of access: World Wide Web.
=540  \\$aCurrent copyright fee: GBP37.00$c2\0$5Uk
=588  \\$aDescription based on: Vol. 1, no. 1 (2005); title from PDF article header (Taylor & Francis, viewed Nov. 19, 2014).
=588  \\$aLatest issue consulted: Volume 11, issue 2 (2015) (Taylor & Francis Online, viewed December 15, 2015).
=650  \0$aPerformance art$vPeriodicals.
=650  \0$aPerformance art$xData processing$vPeriodicals.
=650  \0$aDigital media$vPeriodicals.
=650  \7$aDigital media.$2fast$0(OCoLC)fst00893716
=650  \7$aPerformance art.$2fast$0(OCoLC)fst01057852
=655  \7$aPeriodicals.$2fast$0(OCoLC)fst01411641
=776  08$iPrint version:$tInternational journal of performance arts and digital media$x1479-4713
=852  41$aBritish Library$bHMNTS$jELD Digital store$3Volume 12:Issue 1(2016)-***Transferred from print***Previous issues available in print copy
=856  \\$31850-9999$uhttp://www.tandfonline.com/$xBLDSS
=856  40$uhttp://www.intellectbooks.co.uk/journals.php?issn=14794713
=856  40$uhttp://www.tandfonline.com/toc/rpdm20/current#.UtAiJPb7qdU
=856  40$uhttp://www.tandfonline.com/loi/rpdm20
=856  40$uhttp://www.swetswise.com/link/access%5Fdb?issn=14794713
=856  40$uhttp://search.ebscohost.com/direct.asp?db=ibh&jid=%2213CA%22&scope=site
=859  \\$aELD$bejournal
=945  \\$aInternational journal of performance arts and digital media.
=979  \\$aBritish Library$bDSC$j4542.452150
=985  \\$aISSN responsibility taken by US ISSN Center, 11.09.2014.
=985  \\$aISSN title from homepage, viewed Jan. 29, 2009; latest issue consulted: volume 10, issue 1 (2014) (Taylor & Francis Online, viewed September 9, 2014).
=ACF  \\$aPrevious Copyright Fee: GBP24.00$c2\0$e01-jan-2014$fGBP24.00$g0$hP$5Uk
=ACF  \\$aPrevious copyright fee: GBP25.00$c2\0$e01-jan-2015$fGBP25.00$g0$hP$5Uk
=ACF  \\$aPrevious copyright fee: GBP26.00$c2\0$e01-jan-2016$fGBP26.00$g0$hP$5Uk
=ACF  \\$aPrevious copyright fee: GBP28.00$c2\0$e01-jan-2017$fGBP28.00$g0$hP$5Uk
=ACF  \\$aPrevious copyright fee: GBP30.00$c2\0$e01-jan-2018$fGBP30.00$g0$hP$5Uk
=ACF  \\$aPrevious copyright fee: GBP32.00$c2\0$e01-jan-2019$fGBP32.00$g0$hP$5Uk
=ACF  \\$aPrevious copyright fee: GBP34.00$c2\0$e01-jan-2020$fGBP34.00$g0$hP$5Uk
=CAT  \\$a11313$b40$c20090129$lBLL01$h0851
=CAT  \\$a11313$b40$c20140911$lBLL01$h0857
=CAT  \\$aBATCH-UPD$b40$c20141124$lBLL01$h1804
=CAT  \\$aBLDSS-3PM$b00$c20141130$lBLL01$h1250
=CAT  \\$aIPL-CLA$c20141231$lBLL01$h1659
=CAT  \\$aBATCH-UPD$b00$c20151119$lBLL01$h1545
=CAT  \\$a8124$b40$c20151215$lBLL01$h0944
=CAT  \\$a8124$b40$c20151215$lBLL01$h0952
=CAT  \\$aIPL-CLA$c20151231$lBLL01$h1930
=CAT  \\$a14448$b40$c20160126$lBLL01$h1438
=CAT  \\$aBATCH-UPD$b40$c20160413$lBLL01$h1823
=CAT  \\$aBATCH-UPD$b40$c20160518$lBLL01$h1642
=CAT  \\$aBATCH-UPD$b40$c20161122$lBLL01$h1514
=CAT  \\$aIPL-CLA$c20161230$lBLL01$h2316
=CAT  \\$a5552$b40$c20170504$lBLL01$h1227
=CAT  \\$aBATCH-UPD$b40$c20171121$lBLL01$h1649
=CAT  \\$aW1711-1005$c20171206$lBLL01$h1821
=CAT  \\$aIPL-CLA$c20171231$lBLL01$h1740
=CAT  \\$aBATCH-UPD$b00$c20181217$lBLL01$h1639
=CAT  \\$aIPL-CLA$c20181231$lBLL01$h1548
=CAT  \\$aBATCH-UPD$b00$c20191122$lBLL01$h1901
=CAT  \\$aIPL-CLA$c20191231$lBLL01$h2009
=CAT  \\$aBATCH-UPD$b00$c20201118$lBLL01$h1335
=CAT  \\$aIPL-CLA$c20201231$lBLL01$h1531
=CAT  \\$aBATCH-UPD$b00$c20221121$lBLL01$h1348
=CAT  \\$aIPL-CLA$c20221231$lBLL01$h1449
=CFI  0\$aCurrent copyright fee: GBP37.00$c2\0$e01-jan-2023$fGBP37.00$g0$hP$5Uk
=CFI  2\$aPrevious copyright fee: GBP35.00$c2\0$e01-jan-2021$fGBP35.00$g0$hP$5Uk
=FFP  \\$aY$bBLDSS-3PM
=FIN  \\$aY$d20090129
=FMT  \\$a  SE
=LAS  \\$aIPL-CLA$b00$c20221231$lBLL01$h1449
=LET  \0$aInternational journal of performance arts and digital media (Online)
=LKR  \\$aPAR$b012914347$lBLL01$nInternational journal of performance arts and digital media (Print)$mInternational journal of performance arts and digital media (Online)$r776
=SID  \\$aZ39$bOCLC
=TCO  \\$aCLA$bCLA$c008
=TOC  \\$aETOC

