=LDR  04388cas a2200997 i 4500
=001  014893065
=003  Uk
=005  20221231144944.0
=006  m\\\\\\\\d\|\\\\\\
=007  cr||||||||||||
=008  090202c20049999enktr\p\s\\\\\0\\\a0eng\\
=015  \\$aGBB427977$2bnb
=022  0\$a2040-0594
=037  \\$aISSN_17411548_21$bPortico$nTaylor & Francis
=040  \\$aUk$beng$cUk$erda
=042  \\$aukblsr
=082  04$a791.4309405$223
=222  \0$aStudies in European cinema$b(Online)
=245  00$aStudies in European cinema.
=260  \\$aBristol :$bIntellect,$c2004-
=264  31$a[Abingdon] :$bRoutledge
=310  \\$aThree issues yearly
=336  \\$atext$2rdacontent
=337  \\$acomputer$2rdamedia
=338  \\$aonline resource$2rdacarrier
=362  1\$aPrint began with: Vol. 1, no. 1 (2004).
=540  \\$aCurrent copyright fee: GBP37.00$c2\0$5Uk
=588  \\$aDescription based on print version record.
=588  \\$aLatest issue consulted: volume 10, issue 2-3 (2013) (Taylor & Francis Online, viewed March 11, 2014).
=650  \0$aMotion pictures$zEurope$vPeriodicals.
=776  08$iAlso issued in print as:$tStudies in European cinema$x1741-1548
=852  41$aBritish Library$bHMNTS$jELD Digital store$3Volume 13:Issue 1(2016)-
=852  41$aBritish Library$bDSC$j8490.532350$3Volume 11:Issue 1(2014)-Volume 11:Issue 3(2014)
=856  \\$31850-9999$uhttp://www.tandfonline.com/$xBLDSS
=856  40$uhttp://www.intellectbooks.co.uk/journals.php?issn=17411548
=856  40$uhttp://www.tandfonline.com/action/journalInformation?journalCode=rseu20
=859  \\$aELD$bejournal
=945  \\$aStudies in European cinema
=959  \\$fHeld but not currently received
=979  \\$aBritish Library$bDSC$j8490.532350
=985  \\$aISSN note: responsibility for the ISSN transferred from the ISSN UK Centre to the US ISSN Center under a multinational publisher agreement, August 7, 2014.
=ACF  \\$aPrevious Copyright Fee: GBP24.00$c2\0$e01-jan-2014$fGBP24.00$g0$hP$5Uk
=ACF  \\$aPrevious copyright fee: GBP25.00$c2\0$e01-jan-2015$fGBP25.00$g0$hP$5Uk
=ACF  \\$aPrevious copyright fee: GBP26.00$c2\0$e01-jan-2016$fGBP26.00$g0$hP$5Uk
=ACF  \\$aPrevious copyright fee: GBP28.00$c2\0$e01-jan-2017$fGBP28.00$g0$hP$5Uk
=ACF  \\$aPrevious copyright fee: GBP30.00$c2\0$e01-jan-2018$fGBP30.00$g0$hP$5Uk
=ACF  \\$aPrevious copyright fee: GBP32.00$c2\0$e01-jan-2019$fGBP32.00$g0$hP$5Uk
=ACF  \\$aPrevious copyright fee: GBP34.00$c2\0$e01-jan-2020$fGBP34.00$g0$hP$5Uk
=CAT  \\$a11313$b40$c20090202$lBLL01$h0948
=CAT  \\$a11315$b40$c20140807$lBLL01$h0911
=CAT  \\$aBATCH-UPD$b40$c20141124$lBLL01$h1804
=CAT  \\$aBLDSS-3PM$b00$c20141130$lBLL01$h1250
=CAT  \\$aCDS15-UPD$b40$c20141130$lBLL01$h1853
=CAT  \\$aIPL-CLA$c20141231$lBLL01$h1659
=CAT  \\$aBATCH-UPD$b00$c20151119$lBLL01$h1545
=CAT  \\$a14448$b40$c20151214$lBLL01$h1122
=CAT  \\$aIPL-CLA$c20151231$lBLL01$h1930
=CAT  \\$a14448$b40$c20160130$lBLL01$h0947
=CAT  \\$aBATCH-UPD$b40$c20160724$lBLL01$h2333
=CAT  \\$aBATCH-UPD$b40$c20161122$lBLL01$h1514
=CAT  \\$aIPL-CLA$c20161230$lBLL01$h2316
=CAT  \\$aBATCH-UPD$b00$c20171121$lBLL01$h1649
=CAT  \\$aW1711-1005$c20171206$lBLL01$h1821
=CAT  \\$aIPL-CLA$c20171231$lBLL01$h1740
=CAT  \\$aBATCH-UPD$b00$c20181217$lBLL01$h1639
=CAT  \\$aIPL-CLA$c20181231$lBLL01$h1548
=CAT  \\$aBATCH-UPD$b00$c20191122$lBLL01$h1901
=CAT  \\$aIPL-CLA$c20191231$lBLL01$h2009
=CAT  \\$a5410$b40$c20200211$lBLL01$h0918
=CAT  \\$aBATCH-UPD$b40$c20201118$lBLL01$h1335
=CAT  \\$aIPL-CLA$c20201231$lBLL01$h1531
=CAT  \\$a5410$b40$c20221026$lBLL01$h1207
=CAT  \\$aBATCH-UPD$b40$c20221121$lBLL01$h1348
=CAT  \\$aIPL-CLA$c20221231$lBLL01$h1449
=CFI  0\$aCurrent copyright fee: GBP37.00$c2\0$e01-jan-2023$fGBP37.00$g0$hP$5Uk
=CFI  2\$aPrevious copyright fee: GBP35.00$c2\0$e01-jan-2021$fGBP35.00$g0$hP$5Uk
=EST  \\$a1
=FFP  \\$aY$bBLDSS-3PM
=FIN  \\$aY$d20090202
=FMT  \\$a  SE
=LAS  \\$aIPL-CLA$b00$c20221231$lBLL01$h1449
=LET  \0$aStudies in European cinema (Online)
=LKR  \\$aPAR$b012926076$lBLL01$nStudies in European cinema (Print)$mStudies in European cinema (Online)$r776
=MNI  \\$a1741-1548
=TCO  \\$aCLA$bCLA$c008
=TOC  \\$aETOC

