=LDR  05671cas a2201225 a 4500
=001  014893077
=003  Uk
=005  20221231144945.0
=006  m\\\\\o\\d\\\\\\\\
=007  cr\|||||||||||
=008  040409c20009999enktr\pso\\\\\0\\\a0eng\\
=010  \\$a  2014202532
=015  \\$aGBB631444$2bnb
=016  7\$a2100947-8$2DE-600
=022  0\$a2040-0616
=035  \\$a(OCoLC)54928161
=037  \\$aISSN_14682761_21$bPortico$nTaylor & Francis
=040  \\$aF#A$beng$cF#A$dOCLCQ$dHEBIS$dOCLCQ$dCUI$dOCLCF$dDLC$dTXA$dOCLCO$dUk
=042  \\$aukblsr
=082  10$a792.05$223
=130  0\$aStudies in theatre and performance (Online)
=222  \0$aStudies in theatre and performance$b(Online)
=245  10$aStudies in theatre and performance$h[electronic resource].
=246  1\$aStudies in theatre & performance
=246  1\$aSTP
=264  \1$aBristol, England :$bIntellect Ltd.,$c2000-
=264  21$32014- :$aAbingdon, UK :$bTaylor & Francis
=264  21$3<2015-> :$aAbingdon, UK :$bRoutledge, Taylor & Francis Group
=310  \\$aThree times per year
=336  \\$atext$2rdacontent
=337  \\$acomputer$2rdamedia
=338  \\$aonline resource$2rdacarrier
=362  1\$aPrint began with: Vol. 20, no. 1 (2000).
=538  \\$aMode of access: World Wide Web.
=540  \\$aCurrent copyright fee: GBP37.00$c2\0$5Uk
=550  \\$aOfficial publication of the Standing Conference of University Drama Departments.
=588  \\$aDescription based on: Vol. 23, no. 1 (2003); title from journal information screen (FirstSearch, viewed Apr. 8, 2004).
=588  \\$aLatest issue consulted: volume 36, issue 1 (2016) (Taylor & Francis Online, viewed March 4, 2016).
=650  \0$aDrama$vPeriodicals.
=650  \0$aTheater$vPeriodicals.
=650  \0$aPerforming arts$vPeriodicals.
=650  \0$aActing$vPeriodicals.
=650  \7$aDrama.$2fast$0(OCoLC)fst00897468
=650  \7$aPerforming arts.$2fast$0(OCoLC)fst01057887
=650  \7$aTheater.$2fast$0(OCoLC)fst01149217
=655  \7$aPeriodicals.$2fast$0(OCoLC)fst01411641
=710  2\$aStanding Conference of University Drama Departments.
=776  08$iPrint version:$tStudies in theatre and performance$x1468-2761
=780  00$tStudies in theatre production (Online)
=852  41$aBritish Library$bHMNTS$jELD Digital store$3Volume 36:Issue 1(2016)-***Previous issues available in print copy
=856  \\$31850-9999$uhttp://www.tandfonline.com/$xBLDSS
=856  40$uhttp://www.intellectbooks.co.uk/journals.php?issn=14682761
=856  40$uhttp://www.tandfonline.com/toc/rstp20/current
=856  4\$uhttp://firstsearch.oclc.org/journal=1468-2761;screen=info;ECOIP$zAddress for accessing the journal from an authorized IP address through OCLC FirstSearch Electronic Collections Online
=856  40$uhttp://www.tandfonline.com/loi/rstp20
=856  42$uhttp://www.scudd.org.uk/stp/
=859  \\$aELD$bejournal
=945  \\$aStudies in theatre and performance.
=979  \\$aBritish Library$bDSC$j8491.792050
=985  \\$aISSN note: responsibility for ISSN transferred from ISSN UK Centre to U.S. ISSN Centre in accordance with multinational publisher agreement. 01.05.2014.
=ACF  \\$aPrevious Copyright Fee: GBP24.00$c2\0$e01-jan-2014$fGBP24.00$g0$hP$5Uk
=ACF  \\$aPrevious copyright fee: GBP25.00$c2\0$e01-jan-2015$fGBP25.00$g0$hP$5Uk
=ACF  \\$aPrevious copyright fee: GBP26.00$c2\0$e01-jan-2016$fGBP26.00$g0$hP$5Uk
=ACF  \\$aPrevious copyright fee: GBP28.00$c2\0$e01-jan-2017$fGBP28.00$g0$hP$5Uk
=ACF  \\$aPrevious copyright fee: GBP30.00$c2\0$e01-jan-2018$fGBP30.00$g0$hP$5Uk
=ACF  \\$aPrevious copyright fee: GBP32.00$c2\0$e01-jan-2019$fGBP32.00$g0$hP$5Uk
=ACF  \\$aPrevious copyright fee: GBP34.00$c2\0$e01-jan-2020$fGBP34.00$g0$hP$5Uk
=CAT  \\$a11313$b40$c20090202$lBLL01$h1031
=CAT  \\$aBLDSS-3PM$b00$c20141130$lBLL01$h1250
=CAT  \\$aIPL-CLA$c20141231$lBLL01$h1659
=CAT  \\$aBATCH-UPD$b00$c20151119$lBLL01$h1545
=CAT  \\$a10902$b40$c20151215$lBLL01$h1442
=CAT  \\$aIPL-CLA$c20151231$lBLL01$h1930
=CAT  \\$a14448$b40$c20160130$lBLL01$h0942
=CAT  \\$a11316$b40$c20160304$lBLL01$h1447
=CAT  \\$a11316$b40$c20160304$lBLL01$h1458
=CAT  \\$aBATCH-UPD$b40$c20160413$lBLL01$h1823
=CAT  \\$aBATCH-UPD$b40$c20160525$lBLL01$h1829
=CAT  \\$aBATCH-UPD$b40$c20161122$lBLL01$h1514
=CAT  \\$aIPL-CLA$c20161230$lBLL01$h2316
=CAT  \\$a5552$b40$c20170221$lBLL01$h1145
=CAT  \\$a5410$b40$c20170307$lBLL01$h1116
=CAT  \\$aBATCH-UPD$b40$c20171121$lBLL01$h1649
=CAT  \\$aW1711-1005$c20171206$lBLL01$h1821
=CAT  \\$aIPL-CLA$c20171231$lBLL01$h1740
=CAT  \\$aBATCH-UPD$b00$c20181217$lBLL01$h1639
=CAT  \\$aIPL-CLA$c20181231$lBLL01$h1548
=CAT  \\$aBATCH-UPD$b00$c20191122$lBLL01$h1901
=CAT  \\$aIPL-CLA$c20191231$lBLL01$h2009
=CAT  \\$aBATCH-UPD$b00$c20201118$lBLL01$h1335
=CAT  \\$aIPL-CLA$c20201231$lBLL01$h1531
=CAT  \\$aBATCH-UPD$b00$c20221121$lBLL01$h1348
=CAT  \\$aIPL-CLA$c20221231$lBLL01$h1449
=CFI  0\$aCurrent copyright fee: GBP37.00$c2\0$e01-jan-2023$fGBP37.00$g0$hP$5Uk
=CFI  2\$aPrevious copyright fee: GBP35.00$c2\0$e01-jan-2021$fGBP35.00$g0$hP$5Uk
=FFP  \\$aY$bBLDSS-3PM
=FIN  \\$aY$d20090202
=FMT  \\$a  SE
=LAS  \\$aIPL-CLA$b00$c20221231$lBLL01$h1449
=LET  \0$aStudies in theatre and performance (Electronic)
=LKR  \\$aPAR$b009909371$lBLL01$nStudies in theatre and performance (Print)$mStudies in theatre and performance (Online)$r776
=MNI  \\$a1468-2761
=SID  \\$aZ39$bOCLC
=TCO  \\$aCLA$bCLA$c008
=TOC  \\$aETOC

