=LDR  02358cas a2200613 a 4500
=001  014907773
=003  Uk
=005  20230615153206.0
=007  ta
=008  090217c20109999enkqr\p\\\\\\\0\\\a0eng\\
=015  \\$aGBB1E5632$2bnb
=022  0\$a2040-2244
=040  \\$aUk$beng$cUk
=042  \\$aukblsr
=082  04$a553.7$223
=222  \0$aJournal of water and climate change
=245  00$aJournal of water and climate change.
=260  \\$aLondon :$bIWA Publishing,$c2010-
=300  \\$av. :$bill. ;$c28 cm.
=310  \\$aQuarterly
=336  \\$atext$2rdacontent
=337  \\$aunmediated$2rdamedia
=338  \\$avolume$2rdacarrier
=362  1\$aBegan in 2010.
=530  \\$aAlso issued online.
=540  \\$aCurrent Copyright Fee: GBP13.35$c0$5Uk
=588  \\$aDescription based on: Vol. 2, no. 4 (Dec. 2011).
=650  \0$aWater-supply$vPeriodicals.
=650  \0$aClimatic changes$vPeriodicals.
=650  \0$aHydrology$vPeriodicals.
=710  2\$aInternational Water Association.
=776  08$iOnline version:$tJournal of water and climate change$x2408-9354
=852  11$aBritish Library$bSTI$k(P)$h553.7$m-E(1)$3Vol. 2, no. 1 (Mar. 2011)-v. 12, no.7/8(2021:Nov.Dec.)***Title now taken as electronic copy only
=985  \\$aResponsibility for ISSN transferred to ISSN International Centre from ISSN UK Centre, 08.09.2010
=ACF  \\$aPrevious Copyright Fee: GBP13.35$c0$e01-apr-2014$fGBP13.35$g0$hC$5Uk
=CAT  \\$a10806$b40$c20090217$lBLL01$h0909
=CAT  \\$a10806$b40$c20100301$lBLL01$h1048
=CAT  \\$a10806$b40$c20100301$lBLL01$h1050
=CAT  \\$a11313$b40$c20100908$lBLL01$h0758
=CAT  \\$aISSN$b40$c20111108$lBLL01$h1529
=CAT  \\$a10806$b40$c20111222$lBLL01$h0937
=CAT  \\$aBATCH-CLA$b00$c20140228$lBLL01$h1612
=CAT  \\$aIPL-CLA$c20140331$lBLL01$h1635
=CAT  \\$aBATCH-CLA$b00$c20221130$lBLL01$h1424
=CAT  \\$aIPL-CLA$c20221231$lBLL01$h2226
=CAT  \\$aBATCH-CLA$b00$c20230209$lBLL01$h1511
=CAT  \\$aIPL-CLA$c20230210$lBLL01$h0107
=CAT  \\$a10969$b40$c20230615$lBLL01$h1532
=CFI  0\$aCurrent Copyright Fee: GBP13.35$c0$e09-feb-2023$fGBP13.35$g0$hC$5Uk
=CFI  2\$aBritish Library not licensed to copy$c0$e01-jan-2023$hC$iCFP Excluded$5Uk
=FIN  \\$aY$d20111222
=FMT  \\$a  SE
=LAS  \\$a10969$b40$c20230615$lBLL01$h1532
=TCO  \\$aCLA$bCLA$c008

