=LDR  03584cas a2200865 a 4500
=001  014934315
=003  Uk
=005  20221231222754.0
=007  ta
=008  090319c20109999enkfr\p\\\\\\\0\\\a0eng\\
=015  \\$aGBB0D5172$2bnb
=022  0\$a2040-610X
=040  \\$aUk$beng$cUk$dUk
=042  \\$aukblsr
=082  04$a700.417$222
=222  \0$aComedy studies$b(Print)
=245  00$aComedy studies.
=260  \\$aBristol :$bIntellect,$c2010-
=264  31$32014-$aAbingdon :$bTaylor & Francis
=300  \\$av. :$bill. ;$c25 cm.
=310  \\$aSemiannual
=336  \\$atext$2rdacontent
=337  \\$aunmediated$2rdamedia
=338  \\$avolume$2rdacarrier
=362  0\$aVol. 1, no. 1 (2010)-
=540  \\$aCurrent copyright fee: GBP37.00$c2\0$5Uk
=588  \\$aLatest issue consulted: volume 5, issue 1 (May 2014).
=650  \0$aComedy$xHistory and criticism$vPeriodicals.
=776  08$iAlso issued online as:$tComedy studies$x2040-6118
=852  41$aBritish Library$bHMNTS$jZK.9.a.11997$3Vol. 1, no. 1 (2010)-v. 6, issue 2 (Aug. 2015)***title now taken as electronic copy only
=856  \\$31850-9999$uhttp://www.tandfonline.com/$xBLDSS
=945  \\$aComedy studies.
=979  \\$aBritish Library$bDSC$j3330.212979N
=985  \\$aISSN responsibility taken by United States ISSN Center, February 20 2015.
=ACF  \\$aPrevious Copyright Fee: GBP24.00$c2\0$e01-jan-2014$fGBP24.00$g0$hP$5Uk
=ACF  \\$aPrevious copyright fee: GBP25.00$c2\0$e01-jan-2015$fGBP25.00$g0$hP$5Uk
=ACF  \\$aPrevious copyright fee: GBP26.00$c2\0$e01-jan-2016$fGBP26.00$g0$hP$5Uk
=ACF  \\$aPrevious copyright fee: GBP28.00$c2\0$e01-jan-2017$fGBP28.00$g0$hP$5Uk
=ACF  \\$aPrevious copyright fee: GBP30.00$c2\0$e01-jan-2018$fGBP30.00$g0$hP$5Uk
=ACF  \\$aPrevious copyright fee: GBP32.00$c2\0$e01-jan-2019$fGBP32.00$g0$hP$5Uk
=ACF  \\$aPrevious copyright fee: GBP34.00$c2\0$e01-jan-2020$fGBP34.00$g0$hP$5Uk
=CAT  \\$a11315$b40$c20090319$lBLL01$h1438
=CAT  \\$aIPL-CLA$c20140101$lBLL01$h0107
=CAT  \\$a11205$b40$c20140909$lBLL01$h0924
=CAT  \\$aBATCH-UPD$b40$c20141124$lBLL01$h1804
=CAT  \\$aBLDSS-3PM$b00$c20141130$lBLL01$h1250
=CAT  \\$aIPL-CLA$c20141231$lBLL01$h1659
=CAT  \\$a11313$b40$c20150220$lBLL01$h0854
=CAT  \\$aBATCH-UPD$b40$c20151119$lBLL01$h1545
=CAT  \\$aIPL-CLA$c20151231$lBLL01$h1930
=CAT  \\$a5997$b40$c20160223$lBLL01$h1318
=CAT  \\$aBATCH-UPD$b40$c20160413$lBLL01$h1823
=CAT  \\$aBATCH-UPD$b40$c20161122$lBLL01$h1514
=CAT  \\$aBATCH-UPD$b40$c20161122$lBLL01$h1621
=CAT  \\$a5552$b40$c20161222$lBLL01$h1324
=CAT  \\$a5410$b40$c20161229$lBLL01$h1016
=CAT  \\$aIPL-CLA$c20161230$lBLL01$h2318
=CAT  \\$aBATCH-UPD$b00$c20171121$lBLL01$h1649
=CAT  \\$aIPL-CLA$c20171231$lBLL01$h1741
=CAT  \\$aBATCH-UPD$b00$c20181217$lBLL01$h1639
=CAT  \\$aIPL-CLA$c20181231$lBLL01$h1549
=CAT  \\$aBATCH-UPD$b00$c20191122$lBLL01$h1902
=CAT  \\$aIPL-CLA$c20191231$lBLL01$h2010
=CAT  \\$aBATCH-UPD$b00$c20201118$lBLL01$h1335
=CAT  \\$aIPL-CLA$c20201231$lBLL01$h2301
=CAT  \\$aBATCH-UPD$b00$c20221121$lBLL01$h1348
=CAT  \\$aIPL-CLA$c20221231$lBLL01$h2227
=CFI  0\$aCurrent copyright fee: GBP37.00$c2\0$e01-jan-2023$fGBP37.00$g0$hP$5Uk
=CFI  2\$aPrevious copyright fee: GBP35.00$c2\0$e01-jan-2021$fGBP35.00$g0$hP$5Uk
=FFP  \\$aY$bBLDSS-3PM
=FIN  \\$aY$d20100310
=FMT  \\$a  SE
=LAS  \\$aIPL-CLA$b00$c20221231$lBLL01$h2227
=LET  \0$aComedy studies (Print)
=TCO  \\$aCLA$bCLA$c008

