=LDR  04604cas a2201045 a 4500
=001  015289054
=003  Uk
=005  20221231145002.0
=006  m\\\\\\\\d\|\\\\\\
=007  cr||||||||||||
=008  090612c20109999enkqr\p\s\\\\\0\\\a0eng\\
=015  \\$aGBB069513$2bnb
=022  0\$a2041-4013
=037  \\$aISSN_20414005_21$bPortico$nTaylor & Francis
=040  \\$aUk$beng$cUk$dUk
=042  \\$aukblsr
=082  04$a341$222
=130  0\$aTransnational legal theory (Online)
=222  \0$aTransnational legal theory$b(Online)
=245  10$aTransnational legal theory$h[electronic resource].
=260  \\$aOxford :$bHart Publishing,$c2010-
=264  31$aLondon :$bRoutledge Informa Ltd
=310  \\$aQuarterly
=336  \\$atext$2rdacontent
=337  \\$acomputer$2rdamedia
=338  \\$aonline resource$2rdacarrier
=362  0\$aVol. 1, issue 1 (Mar. 2010)-
=500  \\$aTitle from issue contents page (IngentaConnect, viewed June 8, 2010).
=530  \\$aAlso issued in print.
=538  \\$aMode of access: World Wide Web.
=538  \\$aSystem requirements: Adobe Acrobat Reader.
=540  \\$aCurrent copyright fee: GBP37.00$c2\0$5Uk
=588  \\$aDescription based on: Vol. 1, no. 1 (Mar. 2010).
=588  \\$aLatest issue consulted: Volume 6, issue 3/4 (2015) (Taylor & Francis Online, viewed February 23, 2016).
=650  \0$aInternational law$vPeriodicals.
=650  \0$aComparative law$vPeriodicals.
=650  \0$aConflict of laws$vPeriodicals.
=650  \0$aJurisprudence$vPeriodicals.
=776  1\$tTransnational legal theory$c(Print)$x2041-4005
=852  41$aBritish Library$bHMNTS$jELD Digital store$3Volume 3:Number 3(2012)-***Previous issues available in print copy
=856  \\$31850-9999$uhttp://www.tandfonline.com/$xBLDSS
=856  40$uhttp://www.hartjournals.co.uk/tlt/subs.html$zLink no longer valid
=856  40$uhttp://www.ingentaconnect.com/content/hart/tlt$zLink no longer valid
=856  40$uhttp://tandfonline.com/toc/rtlt20/current
=859  \\$aELD$bejournal
=945  \\$aTransnational legal theory.
=979  \\$aBritish Library$bDSC$j9024.975990N
=985  \\$aISSN note: responsibility for ISSN transferred to US at request of US ISSN Center under multinational publisher agreement, July 7, 2015.
=ACF  \\$aPrevious Copyright Fee: GBP25.00$c2\0$e13-nov-2015$fGBP25.00$g0$hP$5Uk
=ACF  \\$aPrevious copyright fee: GBP26.00$c2\0$e01-jan-2016$fGBP26.00$g0$hP$5Uk
=ACF  \\$aPrevious copyright fee: GBP28.00$c2\0$e01-jan-2017$fGBP28.00$g0$hP$5Uk
=ACF  \\$aPrevious copyright fee: GBP30.00$c2\0$e01-jan-2018$fGBP30.00$g0$hP$5Uk
=ACF  \\$aPrevious copyright fee: GBP32.00$c2\0$e01-jan-2019$fGBP32.00$g0$hP$5Uk
=ACF  \\$aPrevious copyright fee: GBP34.00$c2\0$e01-jan-2020$fGBP34.00$g0$hP$5Uk
=CAT  \\$a11315$b40$c20090612$lBLL01$h1156
=CAT  \\$aWR15_120$c20150910$lBLL01$h1825
=CAT  \\$a10806$b40$c20150922$lBLL01$h0956
=CAT  \\$a5552$b40$c20151113$lBLL01$h1420
=CAT  \\$aBATCH-UPD$b40$c20151119$lBLL01$h1545
=CAT  \\$aBLDSS-3PM$b00$c20151123$lBLL01$h1623
=CAT  \\$a8411$b40$c20151208$lBLL01$h1549
=CAT  \\$aIPL-CLA$c20151231$lBLL01$h1930
=CAT  \\$a14448$b40$c20160120$lBLL01$h1143
=CAT  \\$a10973$b40$c20160223$lBLL01$h1402
=CAT  \\$aBATCH-UPD$b40$c20160413$lBLL01$h1823
=CAT  \\$aBATCH-UPD$b40$c20160606$lBLL01$h0412
=CAT  \\$aBATCH-UPD$b40$c20161122$lBLL01$h1514
=CAT  \\$a5552$b40$c20161130$lBLL01$h1046
=CAT  \\$aIPL-CLA$c20161230$lBLL01$h2332
=CAT  \\$aBATCH-UPD$b00$c20171121$lBLL01$h1649
=CAT  \\$aW1711-1005$c20171206$lBLL01$h1822
=CAT  \\$aIPL-CLA$c20171231$lBLL01$h1753
=CAT  \\$aBATCH-UPD$b00$c20181217$lBLL01$h1639
=CAT  \\$aIPL-CLA$c20181231$lBLL01$h1549
=CAT  \\$aBATCH-UPD$b00$c20191122$lBLL01$h1902
=CAT  \\$aIPL-CLA$c20191231$lBLL01$h2018
=CAT  \\$aBATCH-UPD$b00$c20201118$lBLL01$h1335
=CAT  \\$aIPL-CLA$c20201231$lBLL01$h1531
=CAT  \\$aBATCH-UPD$b00$c20221121$lBLL01$h1348
=CAT  \\$aIPL-CLA$c20221231$lBLL01$h1450
=CFI  0\$aCurrent copyright fee: GBP37.00$c2\0$e01-jan-2023$fGBP37.00$g0$hP$5Uk
=CFI  2\$aPrevious copyright fee: GBP35.00$c2\0$e01-jan-2021$fGBP35.00$g0$hP$5Uk
=FFP  \\$aY$bBLDSS-3PM
=FIN  \\$aY$d20100608
=FMT  \\$a  SE
=LAS  \\$aIPL-CLA$b00$c20221231$lBLL01$h1450
=LET  \0$aTransnational legal theory (Online)
=LKR  \\$aPAR$b015289053$lBLL01$r776$mTransnational legal theory (Online)$nTransnational legal theory (Print)
=TCO  \\$aCLA$bCLA$c008
=TOC  \\$aETOC

