=LDR  03725cas a2200937 a 4500
=001  015290526
=003  Uk
=005  20230511162958.0
=007  ta
=008  090616c20099999enkbr\p\\\\\\\0\\\a0eng\\
=022  0\$a1674-5507
=040  \\$aUk$beng$cUk
=042  \\$aukblsr
=082  04$a590.5$222
=210  0\$aCurr. Zool.
=222  \0$aCurrent zoology
=245  00$aCurrent zoology.
=260  \\$aBeijing :$bCurrent Zoology,$c2009-
=264  31$32016-$aOxford :$bOxford University Press
=300  \\$av. :$bill. (some col.) ;$c29 cm.
=310  \\$aBimonthly
=336  \\$atext$2rdacontent
=337  \\$aunmediated$2rdamedia
=338  \\$avolume$2rdacarrier
=362  0\$aVol. 55, no. 1 (Feb. 2009)-
=530  \\$aAlso issued online.
=540  \\$aCurrent copyright fee: zero$c29\0$5Uk
=550  \\$aSupervised by the Chinese Academy of Sciences.
=588  \\$aLatest issue consulted: volume 62, issue 1 (February 2016).
=650  \0$aZoology$vPeriodicals.
=710  2\$aZhongguo ke xue yuan.
=776  08$iAlso issued online as:$tCurrent zoology$x2396-9814
=780  00$tDong wu xue bao$x0001-7302
=852  41$aBritish Library$bSTI$k(P)$h590.5$m-E(3)$2blsrissc$3Vol. 55, no. 2 (2009)-v. 61, no. 6 (2015)
=852  41$aBritish Library$bDSC$j3505.017000$3Vol. 59, no. 1 (2013)-v. 66, no. 6 (2020)
=856  \\$31850-9999$uhttp://www.oxfordjournals.org/$xBLDSS
=945  \\$aCurrent zoology
=959  \\$fHeld but not currently received
=985  \\$aISSN UK Centre note: requested transfer of responsibility for ISSN from ISSN China 16.9.16.
=ACF  \\$aPrevious copyright fee: GBP26.00$c29\0$e01-jan-2017$fGBP26.00$g0$hP$5Uk
=ACF  \\$aPrevious copyright fee: GBP5.00$c0$e30-jun-2009$fGBP5.00$g0$hC$5Uk
=ACF  \\$aPrevious copyright fee: GBP10.50$c0$e01-jan-2011$fGBP10.50$g0$hA$5Uk
=ACF  \\$aPrevious copyright fee: GBP24.00$c29\0$e24-feb-2016$fGBP24.00$g0$hP$5Uk
=CAT  \\$a8124$b40$c20090616$lBLL01$h0900
=CAT  \\$aWR11_155$c20120104$lBLL01$h1902
=CAT  \\$aBATCH-CLA$b00$c20121109$lBLL01$h1721
=CAT  \\$aWR12_168$c20121206$lBLL01$h1819
=CAT  \\$a11385$b40$c20130718$lBLL01$h1311
=CAT  \\$a11385$b40$c20130718$lBLL01$h1320
=CAT  \\$a11385$b40$c20130718$lBLL01$h1322
=CAT  \\$a11385$b40$c20130723$lBLL01$h1116
=CAT  \\$a10806$b40$c20150612$lBLL01$h0820
=CAT  \\$a11313$b40$c20151014$lBLL01$h1259
=CAT  \\$a11385$b40$c20151117$lBLL01$h0905
=CAT  \\$a5552$b40$c20160224$lBLL01$h1408
=CAT  \\$aBLDSS-3PM$b00$c20160302$lBLL01$h1647
=CAT  \\$aBATCH-UPD$b00$c20160524$lBLL01$h2213
=CAT  \\$aBATCH-UPD$b00$c20160525$lBLL01$h0041
=CAT  \\$a11315$b40$c20160916$lBLL01$h0953
=CAT  \\$a11315$b40$c20160916$lBLL01$h0954
=CAT  \\$a10973$b40$c20160916$lBLL01$h1439
=CAT  \\$aBATCH-UPD$b40$c20161122$lBLL01$h1521
=CAT  \\$aIPL-CLA$c20161230$lBLL01$h2332
=CAT  \\$aBATCH-UPD$b00$c20171121$lBLL01$h1704
=CAT  \\$aIPL-CLA$c20171231$lBLL01$h1753
=CAT  \\$a5552$b40$c20180322$lBLL01$h1138
=CAT  \\$a8483$b40$c20201008$lBLL01$h1232
=CAT  \\$a11385$b40$c20220715$lBLL01$h1249
=CAT  \\$aBATCH-SUPP$c20230426$lBLL01$h1109
=CAT  \\$aBATCH-FIX$c20230511$lBLL01$h1629
=CFI  0\$aCurrent copyright fee: zero$c29\0$e22-mar-2018$fGBP0.00$g0$hP$5Uk
=CFI  2\$aPrevious copyright fee: GBP27.00$c29\0$e01-jan-2018$fGBP27.00$g0$hP$5Uk
=FFP  \\$aY$bBLDSS-3PM
=FIN  \\$aY$d20090616
=FMT  \\$a  SE
=LAS  \\$aBATCH-FIX$b00$c20230511$lBLL01$h1629
=LET  \0$aCurrent zoology (Print)
=LKR  \\$aPAR$b009185737$lBLL01$r78000$mCurrent zoology.$nDong wu xue bao
=TCO  \\$aZZZ$c008
=TOC  \\$aETOC
=UNO  \\$aY

