=LDR  03225 as a2200769 a 4500
=001  015338676
=003  Uk
=005  20191231201923.0
=007  ta
=008  090730c20129999njubr\p\\\\\\\0\\\a0eng\\
=022  0\$a2041-8396
=040  \\$aUk$beng$cUk
=042  \\$aukblsr
=082  04$a333.79$223
=222  \0$aWiley interdisciplinary reviews. Energy and environment$b(Print)
=245  00$aWIREs.$pEnergy and environment.
=246  3\$aWiley interdisciplinary reviews.$pEnergy and environment
=246  30$aEnergy and environment
=260  \\$aHoboken :$bWiley,$c2012-
=300  \\$av. :$bcol. ill. ;$c28 cm.
=310  \\$aBimonthly
=336  \\$atext$2rdacontent
=337  \\$aunmediated$2rdamedia
=338  \\$avolume$2rdacarrier
=362  0\$aVol. 1, no. 1 (July/Aug. 2012)-
=540  \\$aCurrent Copyright Fee: GBP39.00$c35\0$5Uk
=650  \0$aEnergy security$vPeriodicals.
=650  \0$aPower resources$vPeriodicals.
=650  \0$aClimate change mitigation$vPeriodicals.
=776  0\$tWiley interdisciplinary reviews. Energy and environment (Online)$x2041-840X
=852  11$aBritish Library$bSTI$k(P)$h333.79$m-E(10)$3Vol. 1, no. 1 (2012:Jul./Aug.)-v. 2, no. 3 (2013)***title now taken as electronic copy only
=856  \\$31850-9999$uhttp://onlinelibrary.wiley.com/$xBLDSS
=945  \\$aWiley interdisciplinary reviews energy and environment
=979  \\$aBritish Library$bDSC$j9838.207000
=985  \\$aResponsibility for ISSN transferred, prior to completion, to US ISSN Centre from ISSN UK Centre, 12/09/12. Please check ISSN Portal for updated record when register record appears.
=ACF  \\$aPrevious copyright fee: GBP22.00$c35\0$e05-apr-2012$fGBP22.00$g0$hP$5Uk
=ACF  \\$aPrevious copyright fee: GBP24.00$c35\0$e01-mar-2015$fGBP24.00$g0$hP$5Uk
=CAT  \\$a11315$b40$c20090730$lBLL01$h0907
=CAT  \\$a10806$b40$c20100126$lBLL01$h1137
=CAT  \\$a8464$b40$c20120405$lBLL01$h0822
=CAT  \\$a8464$b40$c20120405$lBLL01$h0824
=CAT  \\$a10806$b40$c20120905$lBLL01$h1313
=CAT  \\$a10806$b40$c20120912$lBLL01$h1133
=CAT  \\$a10806$b40$c20120912$lBLL01$h1137
=CAT  \\$a8483$b40$c20121204$lBLL01$h1212
=CAT  \\$aBLDSS-3PM$b00$c20141214$lBLL01$h1526
=CAT  \\$aBATCH-UPD$b00$c20150215$lBLL01$h1702
=CAT  \\$aIPL-CLA$c20150228$lBLL01$h2055
=CAT  \\$aBATCH-UPD$b00$c20160413$lBLL01$h1823
=CAT  \\$aBATCH-UPD$b00$c20160706$lBLL01$h1617
=CAT  \\$a5552$b40$c20170209$lBLL01$h1229
=CAT  \\$aBATCH-UPD$b40$c20180219$lBLL01$h1754
=CAT  \\$a5410$b40$c20180326$lBLL01$h1435
=CAT  \\$aBATCH-UPD$b40$c20181121$lBLL01$h1625
=CAT  \\$aIPL-CLA$c20181231$lBLL01$h1549
=CAT  \\$aR1911-0245$c20191127$lBLL01$h0944
=CAT  \\$aR1911-0245$c20191127$lBLL01$h1045
=CAT  \\$aIPL-CLA$c20191231$lBLL01$h2019
=CFI  0\$aCurrent Copyright Fee: GBP39.00$c35\0$e01-jan-2020$fGBP39.00$g0$hP$5Uk
=CFI  2\$aPrevious copyright fee: GBP28.00$c35\0$e01-jan-2019$fGBP28.00$g0$hP$5Uk
=FFP  \\$aY$bBLDSS-3PM
=FIN  \\$aY$d20120905
=FMT  \\$a  SE
=LAS  \\$aIPL-CLA$b00$c20191231$lBLL01$h2019
=LET  \0$aWIREs Energy and environment (Print)
=TCO  \\$aCLA$bCLA$c008
=UNO  \\$aY

