=LDR  04774cas a2201069 a 4500
=001  015338677
=003  Uk
=005  20221027120554.0
=006  m\\\\\\\\d\\\\\\\\
=007  cr\|||||||||||
=008  120430c20129999njubr\poo\\\\\0\\\a0eng\\
=010  \\$a2012203405
=015  \\$aGBB350458$2bnb
=022  0\$a2041-840X
=035  \\$a(OCoLC)803755557
=037  \\$aISSN_20418396$bPortico$nWiley
=040  \\$aAU@$beng$cAU@$dOCLCO$dDLC$dUk
=042  \\$ansdp$aukblsr
=082  04$a333.79$223
=130  0\$aWiley interdisciplinary reviews.$pEnergy and environment (Online)
=222  \0$aWiley interdisciplinary reviews. Energy and environment$b(Online)
=245  10$aWiley interdisciplinary reviews.$pEnergy and environment$h[electronic resource].
=246  30$aEnergy and environment
=246  13$aWIREs Energy and environment
=246  1\$aInterdisciplinary reviews.$pEnergy and environment
=260  \\$aHoboken, NJ :$bWiley Subscription Services, Inc.,$cc2012-
=310  \\$aBimonthly
=336  \\$atext$2rdacontent
=337  \\$acomputer$2rdamedia
=338  \\$aonline resource$2rdacarrier
=362  0\$aVol. 1, no. 1 (July/Aug/ 2012)-
=506  \\$aOnline access restricted to licenced organisations.
=540  \\$aCurrent Copyright Fee: GBP39.00$c35\0$5Uk
=588  \\$aLatest issue consulted: Vol. 1, issue 3 (Nov./Dec. 2012)(Wiley Online Library, viewed Dec. 4, 2012).
=650  \0$aPower resources$xEnvironmental aspects$vPeriodicals.
=650  \0$aPower resources$vPeriodicals.
=650  \0$aRenewable energy sources$vPeriodicals.
=650  \0$aEnergy policy$xEnvironmental aspects$vPeriodicals.
=655  \0$aElectronic journals.
=776  08$iAlso issued in print:$tWiley interdisciplinary reviews. Energy and environment$x2041-8396
=852  41$aBritish Library$bDSC$j9838.207000$3Volume 1:Issue 2(2012)-Volume 2:Issue 6(2013)***See ESTAR for full holdings.
=852  41$aBritish Library$bHMNTS$jELD Digital store$3Volume 2:Issue 1(2013)-***Previous issues available in print copy
=856  \\$31850-9999$uhttp://onlinelibrary.wiley.com/$xBLDSS
=856  40$uhttp://onlinelibrary.wiley.com/journal/10.1002/(ISSN)2041-840X
=856  40$uhttp://wires.wiley.com/WileyCDA/WiresJournal/wisId-WENE.html
=859  \\$aELD$bejournal
=945  \\$aWiley interdisciplinary reviews energy and environment
=959  \\$fHeld but not currently received
=979  \\$aBritish Library$bDSC$j9838.207000
=985  \\$aResponsibility for ISSN transferred, prior to completion, to US ISSN Centre from ISSN UK Centre, 12/09/12. Please update with key title when register record appears.
=ACF  \\$aPrevious copyright fee: GBP22.00$c35\0$e05-apr-2012$fGBP22.00$g0$hP$5Uk
=ACF  \\$aPrevious copyright fee: GBP24.00$c35\0$e01-mar-2015$fGBP24.00$g0$hP$5Uk
=CAT  \\$a11315$b40$c20090730$lBLL01$h0908
=CAT  \\$a10806$b40$c20120905$lBLL01$h1321
=CAT  \\$a10806$b40$c20120905$lBLL01$h1323
=CAT  \\$a10806$b40$c20120912$lBLL01$h1133
=CAT  \\$a10806$b40$c20120912$lBLL01$h1137
=CAT  \\$a8483$b40$c20121204$lBLL01$h1214
=CAT  \\$a8483$b40$c20121204$lBLL01$h1215
=CAT  \\$a8483$b40$c20121204$lBLL01$h1217
=CAT  \\$a5997$b40$c20130522$lBLL01$h1143
=CAT  \\$aWR13.114$c20130717$lBLL01$h1314
=CAT  \\$aBATCH-PORT$c20130829$lBLL01$h1114
=CAT  \\$a12654$b40$c20140107$lBLL01$h0841
=CAT  \\$aWR14_009$c20140204$lBLL01$h2343
=CAT  \\$aBLDSS-3PM$b00$c20141214$lBLL01$h1526
=CAT  \\$aBATCH-UPD$b00$c20150215$lBLL01$h1702
=CAT  \\$aIPL-CLA$c20150228$lBLL01$h2055
=CAT  \\$aBATCH-UPD$b00$c20160615$lBLL01$h0225
=CAT  \\$aW1711-1005$c20171206$lBLL01$h1822
=CAT  \\$aBATCH-UPD$b00$c20180219$lBLL01$h1754
=CAT  \\$aBATCH-UPD$b00$c20181121$lBLL01$h1625
=CAT  \\$aIPL-CLA$c20181231$lBLL01$h1549
=CAT  \\$aR1911-0245$c20191127$lBLL01$h0944
=CAT  \\$aR1911-0245$c20191127$lBLL01$h1045
=CAT  \\$aIPL-CLA$c20191231$lBLL01$h2019
=CAT  \\$a5410$b40$c20200109$lBLL01$h1423
=CAT  \\$a5410$b40$c20221027$lBLL01$h1205
=CFI  0\$aCurrent Copyright Fee: GBP39.00$c35\0$e01-jan-2020$fGBP39.00$g0$hP$5Uk
=CFI  2\$aPrevious copyright fee: GBP28.00$c35\0$e01-jan-2019$fGBP28.00$g0$hP$5Uk
=EST  \\$a1
=FFP  \\$aY$bBLDSS-3PM
=FIN  \\$aY$d20120912
=FMT  \\$a  SE
=LAS  \\$a5410$b40$c20221027$lBLL01$h1205
=LET  \0$aWiley interdisciplinary reviews. Energy and environment (Online)
=LKR  \\$aPAR$b015338676$lBLL01$r776$mWiley interdisciplinary reviews. Energy and environment (Online)$nWiley interdisciplinary reviews. Energy and environment (Print)
=MNI  \\$a2041-8396
=SID  \\$aZ39$bOCLC
=TCO  \\$aCLA$bCLA$c008
=TOC  \\$aETOC
=UNO  \\$aY

