=LDR  02460cas a2200649 a 4500
=001  015340193
=003  Uk
=005  20191114110653.0
=006  m\\\\\\\\d\|\\\\\\
=007  cr||||||||||||
=008  090803c20089999nyufr\p\s\\\\\0\\\a0eng\\
=015  \\$aGBB9I6590$2bnb
=022  0\$a1938-8322
=037  \\$aISSN_19388209$bPortico$nBerghahn Journals
=040  \\$aUk$beng$cUk$dUk
=042  \\$aukblsr
=082  04$a305.23082$223
=222  \0$aGirlhood studies$b(Online)
=245  00$aGirlhood studies$h[electronic resource] :$ban interdisciplinary journal.
=246  13$aGHS
=260  \\$aBiggleswade :$bBerghahn Journals
=264  31$aNew York :$bBerghahn Journals
=310  \\$aSemiannual
=336  \\$atext$2rdacontent
=337  \\$acomputer$2rdamedia
=338  \\$aonline resource$2rdacarrier
=362  1\$aPrint began with: vol. 1, issue 1 (summer 2008).
=588  \\$aLatest issue consulted: volume 11, issue 3 (2018) (viewed February 18, 2019).
=650  \0$aGirls$vPeriodicals.
=650  \0$aGirls$xSocial aspects$vPeriodicals.
=650  \0$aGirls$xSocial conditions$vPeriodicals.
=650  \0$aGirls$xEducation$vPeriodicals.
=650  \0$aGirls$xSexual behavior$vPeriodicals.
=650  \0$aGirls$xHealth and hygiene$vPeriodicals.
=650  \0$aWomen's studies$vPeriodicals.
=690  7\$aSocial Welfare$2blcoll
=776  0\$tGirlhood studies$c(Print)$x1938-8209
=852  41$aBritish Library$bHMNTS$jELD Digital store$3Volume 12:Issue 1(2019)-
=856  40$uhttps://www.berghahnjournals.com/view/journals/girlhood-studies/girlhood-studies-overview.xml
=859  \\$aELD$bejournal
=985  \\$aResponsibility for ISSN taken by ISSN UK from the US ISSN Centre, 03.08.2009
=985  \\$aISSN responsibility returned to U.S. Center, 18/02/19.
=CAT  \\$a11313$b40$c20090803$lBLL01$h1440
=CAT  \\$a11205$b40$c20090810$lBLL01$h1401
=CAT  \\$a10806$b40$c20180912$lBLL01$h1445
=CAT  \\$a10806$b40$c20190218$lBLL01$h1537
=CAT  \\$a15190$b40$c20190520$lBLL01$h1110
=CAT  \\$aBATCH-SWP$c20190524$lBLL01$h2242
=CAT  \\$a8055$b40$c20190821$lBLL01$h1140
=CAT  \\$a5110$b40$c20191114$lBLL01$h1105
=CAT  \\$a5110$b40$c20191114$lBLL01$h1106
=FIN  \\$aY$d20090803
=FMT  \\$a  SE
=LAS  \\$a5110$b40$c20191114$lBLL01$h1106
=LKR  \\$aPAR$b015340187$lBLL01$nGirlhood studies (Print)$mGirlhood studies (Online)$r776
=MNI  \\$a1938-8209
=TCO  \\$aCLA$bCLA$c008

