=LDR  01863aas a2200517 a 4500
=001  015343784
=003  Uk
=005  20170807135826.0
=007  ta
=008  090806d2009201uenkqr\p\\\\\\\0\\\a0eng\\
=015  \\$aGBB0C1074$2bnb
=022  0\$a2041-871X
=040  \\$aUk$beng$cUk
=042  \\$aukblsr
=082  04$a297.505$222
=222  \0$aIslam and civilisational renewal
=245  00$aIslam and civilisational renewal.
=246  13$aICR
=260  \\$a[London] :$bPluto Journals on behalf of the International Institute of Advanced Islamic Studies,$c2009-
=300  \\$av. ;$c23 cm.
=310  \\$aQuarterly
=336  \\$atext$2rdacontent
=337  \\$aunmediated$2rdamedia
=338  \\$avolume$2rdacarrier
=362  0\$avol. 1, no. 1 (Oct. 2009)-
=500  \\$a"A journal devoted to contemporary issues and policy research".
=650  \0$aIslam$vPeriodicals.
=710  2\$aInternational Institute of Advanced Islamic Studies Malaysia.
=776  0\$tIslam and civilisational renewal$c(Online)$x2041-8728
=780  00$tIAIS journal of civilisation studies
=852  41$aBritish Library$bHMNTS$jZK.9.a.11824$3Vol. 1, no. 1 (2009)-v. 3, no. 1 (2011)
=985  \\$aISSN responsibility transfer to ISSN Malaysia in progress (Richard, 07/08/17)
=CAT  \\$a7152$b40$c20090806$lBLL01$h1556
=CAT  \\$a10997$b40$c20100728$lBLL01$h1355
=CAT  \\$a7152$b40$c20101004$lBLL01$h1456
=CAT  \\$a7152$b40$c20101004$lBLL01$h1508
=CAT  \\$a5997$b40$c20101009$lBLL01$h1044
=CAT  \\$a5997$b40$c20101009$lBLL01$h1051
=CAT  \\$a11296$b40$c20101013$lBLL01$h1147
=CAT  \\$a7778$b40$c20150908$lBLL01$h1332
=CAT  \\$a10806$b40$c20170807$lBLL01$h1358
=FIN  \\$aY$d20101004
=FMT  \\$a  SE
=LAS  \\$a10806$b40$c20170807$lBLL01$h1358
=LET  \0$aIslam and civilisational renewal (Print)
=TCO  \\$aCLA$bCLA$c008

