=LDR  04026cas a2200937 a 4500
=001  015377214
=003  Uk
=005  20230930113737.0
=007  ta
=008  090923c20099999vaubr\p\\\\\\\0\\\a0eng\\
=015  \\$aGBA993285$2bnb
=022  0\$a2042-2121$y1354-313X
=040  \\$aUk$beng$cUk$dUk
=042  \\$aukblsr
=082  04$a628.105$222
=130  0\$aWorld water (2009)
=210  0\$aWorld water$b(2009)
=222  \0$aWorld water$b(2009)
=245  10$aWorld water.
=260  \\$aLondon :$bWEF Publishing UK,$c2009-
=264  31$aAlexandria, VA :$bWater Environment Federation
=300  \\$av. :$bcol. ill., col. ports. ;$c30 cm.
=310  \\$aBimonthly
=336  \\$atext$2rdacontent
=337  \\$aunmediated$2rdamedia
=338  \\$avolume$2rdacarrier
=362  0\$aVol. 32, issue 5 (Sept./Oct. 2009)-
=540  \\$aCurrent Copyright Fee: GBP34.00$c0$5Uk
=650  \0$aWater-supply$vPeriodicals.
=650  \0$aSanitary engineering$vPeriodicals.
=710  2\$aWater Environment Federation.
=780  00$tWorld water and environmental engineering$x1354-313X
=787  0\$tWater reuse & desalination$x2044-8058
=787  0\$tWorldwater. Stormwater management$x2053-1362
=852  41$aBritish Library$bDSC$j9360.176150$3Vol. 32, issue 5 (Sep./Oct. 2009)-v. 32, issue 6 (2009)
=852  11$aBritish Library$bSTI$k(P)$h628.105$m-E(1)$3Vol. 32, issue 5 (2009)-vol. 43 issue 4 (Jul./Aug.2020)
=945  \\$aWorld water -WEF Publishing Uk-
=959  \\$fCurrently received
=985  \\$aISSN UK Centre: responsibility transferred to US Center 25.9.19.
=ACF  \\$aPrevious copyright fee: GBP9.00$c0$e01-apr-2010$fGBP9.00$g0$hA$5Uk
=ACF  \\$aPrevious copyright fee: GBP6.00$c0$e24-sep-2009$fGBP6.00$g0$hA$5Uk
=ACF  \\$aPrevious copyright fee: GBP10.50$c0$e01-jan-2011$fGBP10.50$g0$hA$5Uk
=ACF  \\$aPrevious copyright fee: GBP12.00$c0$e01-jan-2012$fGBP12.00$g0$hA$5Uk
=ACF  \\$aPrevious Copyright Fee: GBP21.00$c0$e01-apr-2013$fGBP21.00$g0$hC$5Uk
=ACF  \\$aPrevious Copyright Fee: GBP22.50$c0$e01-jan-2016$fGBP22.50$g0$hC$5Uk
=ACF  \\$aPrevious Copyright Fee: GBP23.40$c0$e01-jan-2018$fGBP23.40$g0$hC$5Uk
=ACF  \\$aPrevious Copyright Fee: GBP34.00$c0$e01-apr-2021$fGBP34.00$g0$hC$5Uk
=ACF  \\$aBritish Library not licensed to copy$c0$e01-jan-2023$hC$iCFP Excluded$5Uk
=CAT  \\$a10806$b40$c20090923$lBLL01$h1412
=CAT  \\$aBATCH-UPD$b00$c20101125$lBLL01$h1219
=CAT  \\$aIPL-CLA$c20101231$lBLL01$h1528
=CAT  \\$a10806$b40$c20110304$lBLL01$h1117
=CAT  \\$aWR11_203$c20111204$lBLL01$h1515
=CAT  \\$aIPL-CLA$c20111230$lBLL01$h2034
=CAT  \\$aBATCH-CLA$b00$c20121109$lBLL01$h1721
=CAT  \\$aBATCH-CLA$b00$c20130228$lBLL01$h1705
=CAT  \\$aIPL-CLA$c20130331$lBLL01$h1058
=CAT  \\$a540_fix$c20130403$lBLL01$h2017
=CAT  \\$a11205$b40$c20140221$lBLL01$h1151
=CAT  \\$aWR14_140$c20140905$lBLL01$h1823
=CAT  \\$aBATCH-CLA$b00$c20151127$lBLL01$h1629
=CAT  \\$aIPL-CLA$c20151231$lBLL01$h1931
=CAT  \\$aBATCH-CLA$b00$c20171130$lBLL01$h1707
=CAT  \\$aIPL-CLA$c20171231$lBLL01$h1755
=CAT  \\$a10973$b40$c20190917$lBLL01$h1551
=CAT  \\$a10973$b40$c20190925$lBLL01$h1216
=CAT  \\$aBATCH-CLA$b00$c20210227$lBLL01$h1008
=CAT  \\$aIPL-CLA$c20210331$lBLL01$h1855
=CAT  \\$aBATCH-CLA$b00$c20221130$lBLL01$h1426
=CAT  \\$aIPL-CLA$c20221231$lBLL01$h2245
=CAT  \\$aBATCH-CLA$b00$c20230209$lBLL01$h1514
=CAT  \\$aIPL-CLA$c20230210$lBLL01$h0108
=CAT  \\$aBATCH-CLA$b00$c20230906$lBLL01$h1738
=CAT  \\$aIPL-CLA$c20230930$lBLL01$h1137
=CFI  0\$aCurrent Copyright Fee: GBP34.00$c0$e01-oct-2023$fGBP34.00$g0$hC$5Uk
=CFI  2\$aPrevious Copyright Fee: GBP25.00$c0$e09-feb-2023$fGBP25.00$g0$hC$5Uk
=FIN  \\$aY$d20090923
=FMT  \\$a  SE
=LAS  \\$aIPL-CLA$b00$c20230930$lBLL01$h1137
=LKR  \\$aPAR$b009081549$lBLL01$r78000$mWorld water (2009)$nWorld water and environmental engineering
=TCO  \\$aCLA$bCLA$c008

