=LDR  02195aas a2200601 a 4500
=001  015378322
=003  Uk
=005  20131220121647.0
=006  m\\\\\\\\d\|\\\\\\
=007  cr||||||||||||
=008  090925d1986201uenk\x\\\s\\\\\0\\\a0eng\\
=022  0\$a2042-2571$y0267-7105
=040  \\$aUk$beng$cUk
=042  \\$aukblsr
=082  04$a909$222
=130  0\$aHistorical notes (Online)
=222  \0$aHistorical notes$b(Online)
=245  10$aHistorical notes$h[electronic resource].
=260  \\$aLondon :$bLibertarian Alliance,$c1986-
=310  \\$aIrregular
=336  \\$atext$2rdacontent
=337  \\$acomputer$2rdamedia
=338  \\$aonline resource$2rdacarrier
=362  0\$aNo. 1 (1986)-
=362  1\$aCeased in 2011?
=500  \\$aTitle from PDF caption (publisher's Web site, viewed Feb. 7, 2011).
=538  \\$aMode of access: World Wide Web.
=538  \\$aSystem requirements: Adobe Acrobat Reader.
=580  \\$aPrevioiusly also issued in print.
=588  \\$aLatest issue consulted: No. 51 (2008) (viewed publisher's Web site, Feb. 2011).
=650  \0$aHistory$vPeriodicals.
=710  2\$aLibertarian Alliance.
=776  1\$tHistorical notes$x0267-7105
=780  10$tHistorical notes$x0267-7105
=852  41$aBritish Library$bHMNTS$jELD Digital store
=856  4\$uhttp://www.libertarian.co.uk/$zFollow links to resource
=859  \\$aELD$bejournal
=985  \\$aResponsibility for ISSN transferred to ISSN International Centre from ISSN UK Centre, 04/03/11.
=CAT  \\$a11315$b40$c20090925$lBLL01$h1201
=CAT  \\$a11315$b40$c20091002$lBLL01$h0833
=CAT  \\$a5997$b40$c20110207$lBLL01$h1523
=CAT  \\$a5997$b40$c20110209$lBLL01$h1334
=CAT  \\$a11315$b40$c20110304$lBLL01$h0842
=CAT  \\$a8311$b40$c20130509$lBLL01$h1449
=CAT  \\$aWR13.114$c20130717$lBLL01$h1314
=CAT  \\$a7778$b40$c20131220$lBLL01$h1216
=CAT  \\$aW1711-1005$c20171206$lBLL01$h1822
=FIN  \\$aY$d20090925
=FMT  \\$a  SE
=LAS  \\$aW1711-1005$b00$c20171206$lBLL01$h1822
=LET  \0$aHistorical notes (Online)
=LKR  \\$aPAR$b012484165$lBLL01$nHistorical notes (Print)$mHistorical notes (Online)$r78000
=TCO  \\$aCLA$bCLA$c008

