=LDR  04540cas a2201009 i 4500
=001  015419388
=003  Uk
=005  20230908091555.0
=006  m\\\\\\\\d\|\\\\\\
=007  cr||||||||||||
=008  091116c20109999enkqr\p\s\\\\\0\\\a0eng\\
=015  \\$aGBB3B4726$2bnb
=022  \\$a2042-5953
=037  \\$aISSN_20425945$bPortico$nEmerald
=040  \\$aUk$beng$cUk$dUk$erda
=042  \\$aukblsr
=082  04$a338.92705$223
=222  \0$aWorld journal of science, technology and sustainable development$b(Online)
=245  00$aWorld journal of science, technology and sustainable development.
=246  30$aWJSTSD
=264  \1$aBrighton :$bWorld Association for Sustainable Development
=264  21$3-2021:$aBingley :$bEmerald Group Publishing Limited
=264  31$32022-$aLondon :$bWorld Association for Sustainable Development
=310  \\$aQuarterly
=336  \\$atext$2rdacontent
=337  \\$acomputer$2rdamedia
=338  \\$aonline resource$2rdacarrier
=362  0\$aVolume 7, issue 1 (2010)-
=500  \\$aFrom 2022 published by the World Association for Sustainable Development (WASD).
=500  \\$aTitle from journal homepage (Emerald, viewed December 11, 2013).
=515  \\$aNumbering continues that of: World review of science, technology and sustainable development.
=540  \\$aCurrent copyright fee: GBP30.00$c25\0$5Uk
=588  \\$aLatest issue consulted: volume 19, number 2 (2023) (WASD Library website, viewed April 19, 2023).
=650  \0$aSustainable development$vPeriodicals.
=650  \0$aAppropriate technology$vPeriodicals.
=650  \0$aTechnology transfer$vPeriodicals.
=650  \0$aGlobalization$vPeriodicals.
=690  7\$aManagement and Business Studies$2blcoll
=710  2\$aWorld Association for Sustainable Development.
=776  08$iAlso issued in print as:$tWorld journal of science, technology and sustainable development$x2042-5945
=852  41$aBritish Library$bHMNTS$jELD Digital store$3Volume 11:Issue 1(2014)-***Previous issues available in print copy
=856  \\$31850-9999$uhttp://www.emeraldinsight.com/$xBLDSS
=856  40$uhttp://www.emeraldinsight.com/journals.htm?issn=2042-5945
=856  40$uhttps://wasd.org.uk/listing/wjstsd/#articles-chapters
=859  \\$aELD$bejournal
=945  \\$aWorld journal of science technology and sustainable development.
=979  \\$aBritish Library$bDSC$j9356.074120N
=985  \\$aISSN UK Centre note: Do not add 780 field. Please ask in ISSN UK Centre for further details.
=985  \\$aISSN responsibility transfer to IC pending (Richard, 08/09/23)
=CAT  \\$a10806$b40$c20091116$lBLL01$h0904
=CAT  \\$a5997$b40$c20100903$lBLL01$h1055
=CAT  \\$a5997$b40$c20100903$lBLL01$h1107
=CAT  \\$a11313$b40$c20101019$lBLL01$h1010
=CAT  \\$a11313$b40$c20101019$lBLL01$h1113
=CAT  \\$a10973$b40$c20130613$lBLL01$h1045
=CAT  \\$a8478$b40$c20131128$lBLL01$h1146
=CAT  \\$a8478$b40$c20131128$lBLL01$h1147
=CAT  \\$aBATCH-MBS$c20131206$lBLL01$h2139
=CAT  \\$a10806$b40$c20131211$lBLL01$h1425
=CAT  \\$a10806$b40$c20131211$lBLL01$h1428
=CAT  \\$a10806$b40$c20131211$lBLL01$h1431
=CAT  \\$aWR14_009$c20140204$lBLL01$h2345
=CAT  \\$a5552$b40$c20150112$lBLL01$h1441
=CAT  \\$aBLDSS-3PM$b00$c20150215$lBLL01$h1113
=CAT  \\$aBATCH-UPD$b00$c20151109$lBLL01$h1747
=CAT  \\$aIPL-CLA$c20151109$lBLL01$h1813
=CAT  \\$aBATCH-UPD$b00$c20160413$lBLL01$h1824
=CAT  \\$aBATCH-UPD$b00$c20160524$lBLL01$h2213
=CAT  \\$aBATCH-UPD$b00$c20160525$lBLL01$h0044
=CAT  \\$a5552$b40$c20170209$lBLL01$h1102
=CAT  \\$aW1711-1005$c20171206$lBLL01$h1822
=CAT  \\$a3072$b40$c20221117$lBLL01$h1226
=CAT  \\$a3072$b40$c20221117$lBLL01$h1236
=CAT  \\$a8124$b40$c20230419$lBLL01$h1512
=CAT  \\$a10806$b40$c20230908$lBLL01$h0915
=CFI  0\$aCurrent copyright fee: GBP30.00$c25\0$e09-nov-2015$fGBP30.00$g0$hP$5Uk
=CFI  2\$aPrevious copyright fee: GBP20.00$c25\0$e12-jan-2015$fGBP20.00$g0$hP$5Uk
=FFP  \\$aY$bBLDSS-3PM
=FIN  \\$aY$d20101019
=FMT  \\$a  SE
=LAS  \\$a10806$b40$c20230908$lBLL01$h0915
=LET  \0$aWorld journal of science, technology and sustainable development (Online)
=LKR  \\$aPAR$b015419384$lBLL01$r776$mWorld journal of science, technology and sustainable development (Online)$nWorld journal of science, technology and sustainable development (Print)
=MNI  \\$a2042-5945
=TCO  \\$aCLA$bCLA$c008
=TOC  \\$aETOC
=UNO  \\$aY

