=LDR  04875cas a2201021 a 4500
=001  015419406
=003  Uk
=005  20230908090904.0
=006  m\\\\\\\\d\|\\\\\\
=007  cr||||||||||||
=008  091116c20109999enkqr\p\s\\\\\0\\\a0eng\\
=015  \\$aGBB304703$2bnb
=022  0\$a2042-597X$y2042-5961
=037  \\$aISSN_20425961$bPortico$nEmerald
=040  \\$aUk$beng$cUk$dUk
=042  \\$aukblsr
=082  04$a338.04$223
=130  0\$aWorld journal of entrepreneurship, management and sustainable development (Online)
=222  \0$aWorld journal of entrepreneurship, management and sustainable development$b(Online)
=245  10$aWorld journal of entrepreneurship, management and sustainable development$h[electronic resource].
=260  \\$aBrighton :$bWorld Association for Sustainable Development
=260  2\$32012-2021$aBingley :$bEmerald
=264  31$32022-$aLondon :$bWorld Association for Sustainable Development
=310  \\$aQuarterly
=336  \\$atext$2rdacontent
=337  \\$acomputer$2rdamedia
=338  \\$aonline resource$2rdacarrier
=362  1\$aPrint began with vol. 6, nos. 1/2 (2010).
=500  \\$aFrom 2022 published by the World Association for Sustainable Development (WASD).
=500  \\$a"... first double issue in 2010 of World Journal of Entrepreneurship, Management and Sustainable Development (WJEMSD) after 5 years from its inauguration in 2005." -- Editorial.
=538  \\$aMode of access: World Wide Web.
=540  \\$aCurrent copyright fee: GBP30.00$c25\0$5Uk
=550  \\$aPublished in partnership with the World Association for Sustainable Development (WASD).
=588  \\$aDescription based on print version record.
=588  \\$aLatest issue consulted: Volume 19 Number 5 2023 (WASD Library, viewed April 19, 2023).
=650  \0$aSustainable development$vPeriodicals.
=650  \0$aEntrepreneurship$vPeriodicals.
=690  7\$aManagement and Business Studies$2blcoll
=710  2\$aWorld Association for Sustainable Development.
=776  0\$iAlso issued in print:$tWorld journal of entrepreneurship, management and sustainable development$x2042-5961
=852  41$aBritish Library$bHMNTS$jELD Digital store$3Volume 10:Issue 1(2014)-***Previous issues available in print copy
=856  \\$31850-9999$uhttp://www.emeraldinsight.com/$xBLDSS
=856  4\$uhttp://www.worldsustainable.org/index.php/journals/wjemsd
=856  40$uhttp://www.emeraldinsight.com/journals.htm?issn=2042-5961
=856  40$uhttps://wasd.org.uk/listing/wjemsd/#articles-chapters
=859  \\$aELD$bejournal
=945  \\$aWorld journal of entrepreneurship management and sustainable development.
=979  \\$aBritish Library$bDSC$j9356.073290N
=985  \\$aISSN UK Centre note: Do not add 780 field. Please ask in ISSN UK Centre for further details.
=985  \\$aISSN responsibility transfer to IC pending (Richard, 08/09/23)
=CAT  \\$a10806$b40$c20091116$lBLL01$h0924
=CAT  \\$a11313$b40$c20101019$lBLL01$h1054
=CAT  \\$a10806$b40$c20120504$lBLL01$h1054
=CAT  \\$a5997$b40$c20130117$lBLL01$h1152
=CAT  \\$a5997$b40$c20130119$lBLL01$h1028
=CAT  \\$a8478$b40$c20131128$lBLL01$h1159
=CAT  \\$a8478$b40$c20131128$lBLL01$h1200
=CAT  \\$a8478$b40$c20131128$lBLL01$h1201
=CAT  \\$aBATCH-MBS$c20131206$lBLL01$h2139
=CAT  \\$a11316$b40$c20131220$lBLL01$h1509
=CAT  \\$a11316$b40$c20131220$lBLL01$h1510
=CAT  \\$aWR14_009$c20140204$lBLL01$h2345
=CAT  \\$aWR14_140$c20140905$lBLL01$h1823
=CAT  \\$a5552$b40$c20150112$lBLL01$h1441
=CAT  \\$aBLDSS-3PM$b00$c20150215$lBLL01$h1113
=CAT  \\$aBATCH-UPD$b00$c20151109$lBLL01$h1747
=CAT  \\$aIPL-CLA$c20151109$lBLL01$h1813
=CAT  \\$aBATCH-UPD$b00$c20160413$lBLL01$h1824
=CAT  \\$aBATCH-UPD$b00$c20160524$lBLL01$h2213
=CAT  \\$aBATCH-UPD$b00$c20160525$lBLL01$h0044
=CAT  \\$a5552$b40$c20170209$lBLL01$h1111
=CAT  \\$aW1711-1005$c20171206$lBLL01$h1822
=CAT  \\$a3072$b40$c20221117$lBLL01$h1218
=CAT  \\$a3072$b40$c20221117$lBLL01$h1236
=CAT  \\$a8124$b40$c20230419$lBLL01$h1421
=CAT  \\$a10806$b40$c20230908$lBLL01$h0909
=CFI  0\$aCurrent copyright fee: GBP30.00$c25\0$e09-nov-2015$fGBP30.00$g0$hP$5Uk
=CFI  2\$aPrevious copyright fee: GBP20.00$c25\0$e12-jan-2015$fGBP20.00$g0$hP$5Uk
=FFP  \\$aY$bBLDSS-3PM
=FIN  \\$aY$d20101019
=FMT  \\$a  SE
=LAS  \\$a10806$b40$c20230908$lBLL01$h0909
=LET  \0$aWorld journal of entrepreneurship, management and sustainable development (Electronic)
=LKR  \\$aPAR$b015419398$lBLL01$nWorld journal of entrepreneurship, management and sustainable development (Print)$mWorld journal of entrepreneurship, management and sustainable development (Online)$r776
=MNI  \\$a2042-5961
=TCO  \\$aCLA$bCLA$c008
=TOC  \\$aETOC
=UNO  \\$aY

