=LDR  02985cas a2200649 a 4500
=001  015419437
=003  Uk
=005  20230908094322.0
=006  m\\\\\\\\d\|\\\\\\
=007  cr||||||||||||
=008  091116c20109999enkfr\p\s\\\\\0\\\a0eng\\
=015  \\$aGBC0E4759$2bnb
=022  0\$a2042-5996
=040  \\$aUk$beng$cUk$dUk$erda
=042  \\$aukblsr
=082  04$a363.19205$223
=222  \0$aInternational journal of food, nutrition and public health$b(Brighton. Online)
=245  00$aInternational journal of food, nutrition and public health$h[electronic resource].
=246  30$aIJFNPH
=260  \\$a[Brighton] :$bWorld Association for Sustainable Development,$c2010-
=300  \\$billustrations (colour)
=310  \\$aSemiannual
=336  \\$atext$2rdacontent
=337  \\$acomputer$2rdamedia
=338  \\$aonline resource$2rdacarrier
=362  0\$aVol. 3, no. 1 (2010)-
=500  \\$aTitle from PDF article running title.
=515  \\$aArticles added consecutively to current issue.
=588  \\$aLatest issue consulted: issue 11, nos 1/2 (2019).
=650  \0$aFood$xSafety measures$vPeriodicals.
=650  \0$aPublic health$vPeriodicals.
=650  \0$aNutrition$vPeriodicals.
=710  2\$aWorld Association for Sustainable Development,$eissuing body.
=776  08$iPrint version, -<2010>:$tInternational journal of food, nutrition and public health$x2042-5988
=852  41$aBritish Library$bHMNTS$jELD Digital store$3Volume 4:Number 1(2011)-
=856  40$uhttp://www.worldsustainable.org/index.php/journals/ijfnph
=859  \\$aELD$bejournal
=985  \\$aISSN UK Centre note: Do not add 780 field. Please ask in ISSN UK Centre for further details - editors previously were the editors for "International journal of food safety, nutrition and public health" (they followed on with the same numbering, so not a continuation of that title). One with "safety" in title continued till 2016. 2019 issues yet to be downloaded GC 23/9/20.
=985  \\$aISSN responsibility transfer to IC pending (Richard, 08/09/23)
=CAT  \\$a10806$b40$c20091116$lBLL01$h0953
=CAT  \\$a11313$b40$c20091123$lBLL01$h0951
=CAT  \\$a5997$b40$c20100903$lBLL01$h0942
=CAT  \\$a11313$b40$c20101019$lBLL01$h1031
=CAT  \\$a11313$b40$c20101019$lBLL01$h1038
=CAT  \\$a3072$b40$c20200923$lBLL01$h1638
=CAT  \\$a3072$b40$c20200923$lBLL01$h1641
=CAT  \\$a3072$b40$c20200923$lBLL01$h1648
=CAT  \\$a3072$b40$c20200928$lBLL01$h1128
=CAT  \\$a3072$b40$c20200928$lBLL01$h1234
=CAT  \\$a10806$b40$c20230908$lBLL01$h0943
=FIN  \\$aY$d20101019
=FMT  \\$a  SE
=LAS  \\$a10806$b40$c20230908$lBLL01$h0943
=LET  \0$aInternational journal of food, nutrition and public health (Online)
=LKR  \\$aPAR$b015419428$lBLL01$nInternational journal of food, nutrition and public health (Print)$mInternational journal of food, nutrition and public health (Online)$r776
=MNI  \\$a2042-5988
=TCO  \\$aCLA$bCLA$c008

