=LDR  05568cas a2201237 a 4500
=001  015422798
=003  Uk
=005  20230930080947.0
=006  m\\\\\o\\d\\\\\\\\
=007  cr\|||||||||||
=008  050614c19939999enkqr\pso\\\\\0\\\a0eng\d
=010  \\$a2009247625
=015  \\$aGBB348135$2bnb
=022  0\$a2042-6186
=035  \\$a(OCoLC)60624593$z(OCoLC)51281444$z(OCoLC)51688756
=037  3\$aISSN_10669817_21$bPortico$nTaylor & Francis
=037  \\$aISSN_10669817$bPortico$nManey Publishing
=040  \\$aOCLCS$cOCLCS$dBUF$dDLC$dOCLCQ$dUk
=042  \\$aukblsr
=050  \4$aRM724$b.J68
=060  \4$aW1$bJO748DEV
=082  14$a615.82$223
=130  0\$aJournal of manual & manipulative therapy (Online)
=222  \0$aJournal of manual & manipulative therapy$b(Online)
=245  14$aThe journal of manual & manipulative therapy$h[electronic resource].
=246  3\$aJournal of manual and manipulative therapy
=246  13$aJMMT
=260  \\$aHillsboro, Or. :$bJournal of Manual & Manipulative Therapy
=260  2\$aLeeds :$bManey Publishing
=264  31$a[Abingdon] :$bTaylor & Francis
=310  \\$aQuarterly
=336  \\$atext$2rdacontent
=337  \\$acomputer$2rdamedia
=338  \\$aonline resource$2rdacarrier
=362  1\$aPrint began with v. 1, no. 1 (winter 1993).
=538  \\$aMode of access: World Wide Web.
=540  \\$aCurrent copyright fee: GBP46.00$c2\0$5Uk
=550  \\$a"Official journal of AAOMPT, The McKenzie Institute International, NZMPA, OMTAustralia and CAMPT"--journal homepage (Maney Pub.).
=588  \\$aDescription based on print version record.
=588  \\$aLatest issue consulted: Vol. 24, no. 4 (2016) (Taylor & Francis Online, viewed August 31, 2016).
=650  \0$aManipulation (Therapeutics)$vPeriodicals.
=650  \0$aPhysical therapy$vPeriodicals.
=710  2\$aAmerican Academy of Orthopaedic Manual Physical Therapists.
=710  2\$aMcKenzie Institute International.
=710  2\$aNew Zealand Manipulative Physiotherapists Association.
=710  2\$aOrthopaedic Manipulative Therapists of Australia.
=710  2\$aCanadian Academy of Manipulative Physiotherapy.
=776  0\$tJournal of manual & manipulative therapy$x1066-9817
=776  08$iAlso issued in print:$tJournal of manual & manipulative therapy$x1066-9817
=852  41$aBritish Library$bSTI$jELD Digital store$3Volume 21:Number 2(2013)-***Previous issues available in print copy
=856  \\$31850-9999$uhttp://maneypublishing.com/$xBLDSS
=856  40$uhttp://www.tandfonline.com/loi/yjmt20
=856  4\$uhttp://home1.gte.net/jmmt/INDEX.HTM$zLink no longer valid
=856  40$uhttp://jmmtonline.com/
=856  40$uhttp://www.ingentaconnect.com/content/maney/jmt
=856  40$uhttp://www.maney.co.uk/index.php/journals/jmt/
=859  \\$aELD$bejournal
=945  \\$aJournal of manual and manipulative therapy.
=979  \\$aBritish Library$bDSC$j5011.603000
=985  \\$aejournals project 2012
=985  \\$aISSN UK Centre note: Responsibility transferred to US Center 20.1.17.
=ACF  \\$aPrevious Copyright Fee: GBP18.00$c47\0$e01-apr-2010$fGBP18.00$g0$hP$5Uk
=ACF  \\$aPrevious copyright fee: GBP30.00$c47\0$e01-jul-2012$fGBP30.00$g0$hP$5Uk
=ACF  \\$aPrevious copyright fee: GBP36.00$c47\0$e01-jan-2017$fGBP36.00$g0$hP$5Uk
=ACF  \\$aPrevious copyright fee: GBP34.00$c47\0$e01-jan-2016$fGBP34.00$g0$hP$5Uk
=ACF  \\$aPrevious copyright fee: GBP40.00$c47\0$e15-jan-2019$fGBP40.00$g0$hP$5Uk
=ACF  \\$aPrevious copyright fee: GBP42.00$c47\0$e01-jan-2020$fGBP42.00$g0$hP$5Uk
=ACF  \\$aPrevious copyright fee: GBP44.00$c47\0$e01-jan-2021$fGBP44.00$g0$hP$5Uk
=CAT  \\$a10806$b40$c20091118$lBLL01$h1039
=CAT  \\$a8411$b40$c20151117$lBLL01$h1432
=CAT  \\$aBATCH-UPD$b40$c20151119$lBLL01$h1601
=CAT  \\$aIPL-CLA$c20151231$lBLL01$h1931
=CAT  \\$a14448$b40$c20160205$lBLL01$h1135
=CAT  \\$aBATCH-UPD$b40$c20160413$lBLL01$h1824
=CAT  \\$a11433$b40$c20160418$lBLL01$h1553
=CAT  \\$aBATCH-UPD$b40$c20160522$lBLL01$h2351
=CAT  \\$a11315$b40$c20160831$lBLL01$h1418
=CAT  \\$a10973$b40$c20160902$lBLL01$h1213
=CAT  \\$aBATCH-UPD$b40$c20161122$lBLL01$h1544
=CAT  \\$aIPL-CLA$c20161230$lBLL01$h2337
=CAT  \\$a10973$b40$c20170111$lBLL01$h1434
=CAT  \\$a11313$b40$c20170120$lBLL01$h1055
=CAT  \\$a10973$b40$c20170120$lBLL01$h1106
=CAT  \\$a5552$b40$c20170216$lBLL01$h1420
=CAT  \\$aW1711-1005$c20171206$lBLL01$h1822
=CAT  \\$a5552$b40$c20190115$lBLL01$h1145
=CAT  \\$aBATCH-UPD$b40$c20191122$lBLL01$h1919
=CAT  \\$aIPL-CLA$c20191231$lBLL01$h2020
=CAT  \\$aBATCH-UPD$b00$c20201118$lBLL01$h1353
=CAT  \\$aIPL-CLA$c20201231$lBLL01$h1531
=CAT  \\$aBATCH-UPD$b00$c20221121$lBLL01$h1428
=CAT  \\$aIPL-CLA$c20221231$lBLL01$h1450
=CAT  \\$aR2308-1440$c20230824$lBLL01$h0929
=CAT  \\$aIPL-CLA$c20230930$lBLL01$h0809
=CFI  0\$aCurrent copyright fee: GBP46.00$c2\0$e01-oct-2023$fGBP46.00$g0$hP$5Uk
=CFI  2\$aPrevious copyright fee: GBP46.00$c47\0$e01-jan-2023$fGBP46.00$g0$hP$5Uk
=FFP  \\$aY$bBLDSS-3PM
=FIN  \\$aY$d20121126
=FMT  \\$a  SE
=LAS  \\$aIPL-CLA$b00$c20230930$lBLL01$h0809
=LET  \0$aJournal of manual & manipulative therapy (Online)
=LKR  \\$aPAR$b010490626$lBLL01$r776$mJournal of manual & manipulative therapy (Online)$nJournal of manual & manipulative therapy (Print)
=MNI  \\$a1066-9817
=SID  \\$aZ39$bOCLC
=TCO  \\$aCLA$bCLA$c008
=TOC  \\$aETOC

