=LDR  01806 as a2200469 a 4500
=001  015431095
=003  Uk
=005  20100818124950.0
=007  ta
=008  091130c20109999enkfr\p\\\\\\\0\\\a0eng\\
=015  \\$aGBB099871$2bnb
=022  0\$a2042-6895
=040  \\$aUk$beng$cUk
=042  \\$aukblsr
=082  04$a613.08878$222
=222  \0$aTension in performance
=245  00$aTension in performance :$bthe ISSTIP journal /$cInternational Society for the Study of Tension in Performance.
=246  13$aISSTIP journal
=260  \\$aNorthwood :$bInternational Society for the Study of Tension in Performance,$c2010-
=300  \\$av. :$bill. (some col.) ;$c30 cm.
=310  \\$aSemiannual
=336  \\$atext$2rdacontent
=337  \\$aunmediated$2rdamedia
=338  \\$avolume$2rdacarrier
=362  0\$aVol. 1, no. 1 (spring 2010)-
=650  \0$aMusicians$xHealth and hygiene$vPeriodicals.
=710  2\$aInternational Society for the Study of Tension in Performance.
=780  00$tISSTIP journal$x1478-1204
=852  41$aBritish Library$bHMNTS$jZK.9.b.22133$3Vol. 1, no. 1 (Spr. 2010)-vol. 2 no. 1 (Spring 2011)
=985  \\$aResponsibility for ISSN transferred to ISSN International Centre from ISSN UK Centre (international organisation), 05.08.2010
=CAT  \\$a11313$b40$c20091130$lBLL01$h1053
=CAT  \\$a11313$b40$c20091130$lBLL01$h1054
=CAT  \\$a11313$b40$c20100722$lBLL01$h1524
=CAT  \\$a11313$b40$c20100722$lBLL01$h1526
=CAT  \\$a11313$b40$c20100722$lBLL01$h1537
=CAT  \\$a11313$b40$c20100805$lBLL01$h1553
=CAT  \\$a11205$b40$c20100818$lBLL01$h1249
=FIN  \\$aY$d20100722
=FMT  \\$a  SE
=LAS  \\$a11205$b40$c20100818$lBLL01$h1249
=LKR  \\$aPAR$b007210584$lBLL01$r78000$mTension in performance$nISSTIP journal
=TCO  \\$aCLA$bCLA$c008

