=LDR  04587cas a2201021 a 4500
=001  015444188
=003  Uk
=005  20230210010846.0
=007  ta
=008  091209d200820uuenkar\p\\\\\\\0\\\a0eng\\
=015  \\$aGBA9C3947$2bnb
=022  \\$a2042-7794$y1475-8342
=040  \\$aUk$beng$cUk
=042  \\$aukblsr
=082  04$a362.7$222
=130  0\$aReview (Child Rights Information Network)
=222  \0$aReview$b(Child Rights Information Network)
=245  10$aReview /$cChild Rights Information Network.
=246  17$aCRIN review
=260  \\$aLondon :$bChild Rights Information Network
=300  \\$av. :$bill., ports., maps ;$c30 cm.
=310  \\$aAnnual
=336  \\$atext$2rdacontent
=337  \\$aunmediated$2rdamedia
=338  \\$avolume$2rdacarrier
=362  1\$aBegan with no. 22 in 2008? Ceased in 2009?
=500  \\$aDescription based on: No. 22 (Sept. 2008).
=530  \\$aAlso issued online.
=540  \\$aCurrent Copyright Fee: GBP25.00$c0$5Uk
=610  20$aChild Rights Information Network$vPeriodicals.
=650  \0$aChildren's rights$vPeriodicals.
=650  \0$aChild welfare$vPeriodicals.
=690  7\$aSocial Welfare$2blcoll
=710  2\$aChild Rights Information Network.
=780  00$tCRIN newsletter$x1475-8342
=852  41$aBritish Library$bHMNTS$jZC.9.b.7800$3No. 22 (2008)-no. 23 (2009)
=985  \\$aResponsibility for ISSN transferred to International Centre from ISSN UK Centre, 29/11/11.
=ACF  \\$aPrevious Copyright Fee: GBP12.00$c0$e01-apr-2012$fGBP12.00$g0$hC$5Uk
=ACF  \\$aPrevious Copyright Fee: GBP12.00$c0$e01-jan-2012$fGBP12.00$g0$hC$5Uk
=ACF  \\$aPrevious Copyright Fee: GBP10.50$c0$e01-oct-2011$fGBP10.50$g0$hC$5Uk
=ACF  \\$aPrevious Copyright Fee: GBP10.50$c0$e01-jul-2011$fGBP10.50$g0$hC$5Uk
=ACF  \\$aPrevious Copyright Fee: GBP10.50$c0$e01-apr-2011$fGBP10.50$g0$hC$5Uk
=ACF  \\$aPrevious Copyright Fee: GBP10.50$c0$e01-jan-2011$fGBP10.50$g0$hC$5Uk
=ACF  \\$aPrevious Copyright Fee: GBP9.00$c0$e01-oct-2010$fGBP9.00$g0$hC$5Uk
=ACF  \\$aPrevious Copyright Fee: GBP9.00$c0$e01-jul-2010$fGBP9.00$g0$hC$5Uk
=ACF  \\$aPrevious Copyright Fee: GBP9.00$c0$e01-apr-2010$fGBP9.00$g0$hC$5Uk
=ACF  \\$aPrevious Copyright Fee: GBP12.00$c0$e01-jul-2012$fGBP12.00$g0$hC$5Uk
=ACF  \\$aPrevious Copyright Fee: GBP12.00$c0$e01-oct-2012$fGBP12.00$g0$hC$5Uk
=ACF  \\$aPrevious Copyright Fee: GBP12.30$c0$e01-jan-2014$fGBP12.30$g0$hC$5Uk
=ACF  \\$aPrevious Copyright Fee: GBP15.00$c0$e01-jan-2017$fGBP15.00$g0$hC$5Uk
=ACF  \\$aPrevious Copyright Fee: GBP17.50$c0$e01-jan-2018$fGBP17.50$g0$hC$5Uk
=ACF  \\$aPrevious Copyright Fee: GBP20.00$c0$e01-jan-2020$fGBP20.00$g0$hC$5Uk
=ACF  \\$aPrevious Copyright Fee: GBP22.50$c0$e01-jan-2021$fGBP22.50$g0$hC$5Uk
=CAT  \\$a5110$b40$c20091209$lBLL01$h1417
=CAT  \\$aIPL-CLA$c20110930$lBLL01$h1554
=CAT  \\$a10806$b40$c20111129$lBLL01$h1005
=CAT  \\$aBATCH-CLA$b00$c20111130$lBLL01$h1217
=CAT  \\$aIPL-CLA$c20111230$lBLL01$h2034
=CAT  \\$aBATCH-CLA$b00$c20120229$lBLL01$h1632
=CAT  \\$aIPL-CLA$c20120330$lBLL01$h1441
=CAT  \\$aBATCH-CLA$b00$c20120531$lBLL01$h1726
=CAT  \\$aIPL-CLA$c20120629$lBLL01$h1040
=CAT  \\$aBATCH-CLA$b00$c20120831$lBLL01$h1555
=CAT  \\$aIPL-CLA$c20120930$lBLL01$h2133
=CAT  \\$aBATCH-CLA$b00$c20121109$lBLL01$h1721
=CAT  \\$aBATCH-CLA$b00$c20131129$lBLL01$h1704
=CAT  \\$aIPL-CLA$c20140101$lBLL01$h0125
=CAT  \\$aWR14_140$c20140905$lBLL01$h1823
=CAT  \\$a7778$b40$c20141007$lBLL01$h1323
=CAT  \\$aBATCH-CLA$b00$c20161130$lBLL01$h1649
=CAT  \\$aIPL-CLA$c20161230$lBLL01$h2338
=CAT  \\$aBATCH-CLA$b00$c20171130$lBLL01$h1716
=CAT  \\$aIPL-CLA$c20171231$lBLL01$h1757
=CAT  \\$aBATCH-CLA$b00$c20191129$lBLL01$h1631
=CAT  \\$aIPL-CLA$c20191231$lBLL01$h2021
=CAT  \\$aBATCH-CLA$b00$c20201126$lBLL01$h1422
=CAT  \\$aIPL-CLA$c20201231$lBLL01$h2319
=CAT  \\$aBATCH-CLA$b00$c20221130$lBLL01$h1501
=CAT  \\$aIPL-CLA$c20221231$lBLL01$h2247
=CAT  \\$aBATCH-CLA$b00$c20230209$lBLL01$h1548
=CAT  \\$aIPL-CLA$c20230210$lBLL01$h0108
=CFI  0\$aCurrent Copyright Fee: GBP25.00$c0$e09-feb-2023$fGBP25.00$g0$hC$5Uk
=CFI  2\$aBritish Library not licensed to copy$c0$e01-jan-2023$hC$iCFP Excluded$5Uk
=FIN  \\$aY$d20091209
=FMT  \\$a  SE
=LAS  \\$aIPL-CLA$b00$c20230210$lBLL01$h0108
=LKR  \\$aPAR$b009913207$lBLL01$r78000$mReview/ Child Rights Information Network$nCRIN newsletter
=TCO  \\$aCLA$bCLA$c008

