=LDR  03913cas a2200925 a 4500
=001  015496556
=003  Uk
=005  20221231145021.0
=006  m\\\\\\\\d\|\\\\\\
=007  cr||||||||||||
=008  100225c19279999enktr\p\s\\\\\0\\\a0eng\\
=015  \\$aGBB032366$2bnb
=022  0\$a2043-6564$y0016-7487
=037  \\$aISSN_00167487_21$bPortico$nTaylor & Francis
=040  \\$aUk$beng$cUk$dUk
=042  \\$aukblsr
=082  04$a910.5$222
=130  0\$aGeography (Sheffield, England : Online)
=222  \0$aGeography$b(Sheffield. Online)
=245  10$aGeography$h[electronic resource] :$ban international journal.
=260  \\$aSheffield :$bGeographical Association,$c[1927]-
=264  31$a[Abingdon] :$bRoutledge, Taylor & Francis Group
=310  \\$aThree issues yearly
=336  \\$atext$2rdacontent
=337  \\$acomputer$2rdamedia
=338  \\$aonline resource$2rdacarrier
=362  1\$aPrint began with: Vol. 14 (1927).
=500  \\$aJournal of the Geographical Association.
=500  \\$aDescription based on: Vol. 89, pt. 3 (Oct. 2004); title from PDF t.p. (publisher's Web site, viewed Feb. 25, 2010).
=500  \\$aLatest issue consulted: volume 106, part 1 (spring 2021); Taylor & Francis Online, viewed April 8, 2021.
=530  \\$aAlso issued in print.
=538  \\$aMode of access: World Wide Web.
=538  \\$aSystem requirements: Adobe Acrobat Reader.
=540  \\$aCurrent copyright fee: GBP37.00$c2\0$5Uk
=580  \\$aPrint publication continues: Geography teacher.
=650  \0$aGeography$vPeriodicals.
=710  2\$aGeographical Association.
=710  2\$aLondon Geographical Institute.
=776  1\$tGeography (Sheffield, England)$x0016-7487
=852  41$aBritish Library$bHMNTS$jELD Digital store$3Volume 103:Number 1(2018:Spr.)-***Previous issues available in print copy
=856  \\$31850-9999$uhttp://www.tandfonline.com/$xBLDSS
=856  40$uhttp://www.geography.org.uk/Journals/Journals.asp?issueID=5
=856  40$uhttps://www.tandfonline.com/toc/rgpy20/current
=859  \\$aELD$bejournal
=985  \\$aISSN responsibility already transferred from UK to U.S. (Richard (Leeds), 11/01/21)
=ACF  \\$aPrevious Copyright Fee: GBP34.00$c2\0$e02-sep-2020$fGBP34.00$g0$hP$5Uk
=CAT  \\$a3072$b40$c20100225$lBLL01$h1231
=CAT  \\$a3072$b40$c20100225$lBLL01$h1235
=CAT  \\$a3072$b40$c20100225$lBLL01$h1612
=CAT  \\$a3072$b40$c20100226$lBLL01$h1054
=CAT  \\$a3072$b40$c20100226$lBLL01$h1055
=CAT  \\$a3072$b40$c20100226$lBLL01$h1112
=CAT  \\$a3072$b40$c20100226$lBLL01$h1135
=CAT  \\$a6790$b40$c20131219$lBLL01$h1518
=CAT  \\$aBATCH-859E$c20131219$lBLL01$h2332
=CAT  \\$aW1711-1005$c20171206$lBLL01$h1822
=CAT  \\$a10806$b40$c20200810$lBLL01$h0855
=CAT  \\$a10806$b40$c20200810$lBLL01$h0857
=CAT  \\$a10806$b40$c20200810$lBLL01$h0901
=CAT  \\$a12654$b40$c20200902$lBLL01$h0848
=CAT  \\$aBLDSS-3PM$b00$c20200909$lBLL01$h1348
=CAT  \\$aBATCH-UPD$b00$c20200909$lBLL01$h1348
=CAT  \\$aBATCH-UPD$b00$c20201118$lBLL01$h1336
=CAT  \\$aIPL-CLA$c20201231$lBLL01$h1531
=CAT  \\$a10806$b40$c20210111$lBLL01$h1405
=CAT  \\$a11205$b40$c20210408$lBLL01$h1246
=CAT  \\$a15005$b40$c20210511$lBLL01$h1407
=CAT  \\$a10983$b40$c20220917$lBLL01$h1009
=CAT  \\$a10983$b40$c20220917$lBLL01$h1010
=CAT  \\$aBATCH-UPD$b40$c20221121$lBLL01$h1349
=CAT  \\$aIPL-CLA$c20221231$lBLL01$h1450
=CFI  0\$aCurrent copyright fee: GBP37.00$c2\0$e01-jan-2023$fGBP37.00$g0$hP$5Uk
=CFI  2\$aPrevious copyright fee: GBP35.00$c2\0$e01-jan-2021$fGBP35.00$g0$hP$5Uk
=FFP  \\$aY$bBLDSS-3PM
=FIN  \\$aY$d20100225
=FMT  \\$a  SE
=LAS  \\$aIPL-CLA$b00$c20221231$lBLL01$h1450
=LET  \0$aGeography (Online)
=LKR  \\$aPAR$b008541576$lBLL01$r776$mGeography (Online)$nGeography (Print)
=TCO  \\$aCLA$bCLA$c008

