=LDR  02393cas a2200589 a 4500
=001  015502636
=003  Uk
=005  20230615164643.0
=007  ta
=008  100305c20119999enkqr\p\\\\\\\0\\\a0eng\\
=015  \\$aGBB1C9886$2bnb
=022  0\$a2043-9083
=040  \\$aUk$beng$cUk$dUk
=042  \\$aukblsr
=082  04$a363.6105$223
=222  \0$aJournal of water, sanitation and hygiene for development
=245  00$aJournal of water, sanitation and hygiene for development.
=260  \\$aLondon :$bIWA Publishing,$c2011-
=300  \\$av. :$bill., maps ;$c28 cm
=310  \\$aQuarterly
=336  \\$atext$2rdacontent
=337  \\$aunmediated$2rdamedia
=338  \\$avolume$2rdacarrier
=362  1\$aBegan in 2011.
=500  \\$a"A journal of the International Water Association."
=540  \\$aCurrent Copyright Fee: GBP13.35$c0$5Uk
=588  \\$aDescription based on: Vol. 1, no. 2 (June 2011).
=650  \0$aDrinking water$xHealth aspects$vPeriodicals.
=650  \0$aWater-supply$xHealth aspects$vPeriodicals.
=650  \0$aSanitation$vPeriodicals.
=650  \0$aHygiene$vPeriodicals.
=710  2\$aInternational Water Association.
=776  08$iAlso issued online as:$tJournal of water, sanitation and hygiene for development$x2408-9362
=852  11$aBritish Library$bSTI$k(P)$h363.6105$m-E(1)$3Vol. 1, no. 2 (Jun. 2011)-v. 11, issue 1/6(2021:J***Title now taken as electronic copy only
=985  \\$aResponsibility for ISSN transferred to ISSN International Centre from ISSN UK Centre, 08.09.2010
=ACF  \\$aPrevious Copyright Fee: GBP13.35$c0$e01-apr-2014$fGBP13.35$g0$hC$5Uk
=CAT  \\$a11315$b40$c20100305$lBLL01$h1428
=CAT  \\$a11313$b40$c20100908$lBLL01$h0757
=CAT  \\$a11205$b40$c20111109$lBLL01$h0901
=CAT  \\$aBATCH-CLA$b00$c20140228$lBLL01$h1612
=CAT  \\$aIPL-CLA$c20140331$lBLL01$h1637
=CAT  \\$aBATCH-CLA$b00$c20221130$lBLL01$h1430
=CAT  \\$aIPL-CLA$c20221231$lBLL01$h2250
=CAT  \\$aBATCH-CLA$b00$c20230209$lBLL01$h1517
=CAT  \\$aIPL-CLA$c20230210$lBLL01$h0108
=CAT  \\$a10969$b40$c20230615$lBLL01$h1646
=CFI  0\$aCurrent Copyright Fee: GBP13.35$c0$e09-feb-2023$fGBP13.35$g0$hC$5Uk
=CFI  2\$aBritish Library not licensed to copy$c0$e01-jan-2023$hC$iCFP Excluded$5Uk
=FIN  \\$aY$d20111109
=FMT  \\$a  SE
=LAS  \\$a10969$b40$c20230615$lBLL01$h1646
=TCO  \\$aCLA$bCLA$c008

