=LDR  04643cas a2201033 a 4500
=001  015514076
=003  Uk
=005  20230405104352.0
=007  ta
=008  100322c20109999enkmx\p\\g\\\\0\\\a0eng\\
=015  \\$aGBB041728$2bnb
=022  \\$a2329-8022$y1461-8540
=040  \\$aUk$beng$cUk$dUk
=042  \\$aukblsr
=082  04$a344.420411026405$222
=130  0\$aMedical law reports (2010)
=222  \0$aMedical law reports$b(2010. Print)
=245  10$aMedical law reports.
=260  \\$aLondon :$bInforma UK,$c2010-
=264  31$aLondon :$bLloyd's List Intelligence
=300  \\$av. ;$c25 cm.
=310  \\$aTen issues yearly
=336  \\$atext$2rdacontent
=337  \\$aunmediated$2rdamedia
=338  \\$avolume$2rdacarrier
=362  0\$aFeb. 2010-
=530  \\$aAlso issued online.
=540  \\$aCurrent Copyright Fee: GBP25.00$c0$5Uk
=588  \\$aLatest issue consulted: part 2 (2023).
=650  \0$aMedical laws and legislation$zGreat Britain$vCases$vPeriodicals.
=650  \0$aMedical personnel$xMalpractice$zGreat Britain$vCases$vPeriodicals.
=650  \0$aPhysicians$xMalpractice$zGreat Britain$vCases$vPeriodicals.
=650  \0$aMedical ethics$zGreat Britain$vCases$vPeriodicals.
=780  00$tLS. Medical
=852  41$aBritish Library$bDSC$j5529.475000$3Feb. (2010)-Dec. (2010)***UKRR Retained Title
=852  41$aBritish Library$bHMNTS$jZC.9.a.5196$3Feb. (2010)-
=945  \\$aMedical law reports -new series-
=959  \\$fHeld but not currently received
=985  \\$aISSN responsibility transfer from U.S. to UK pending (Richard, 05/04/23)
=ACF  \\$aPrevious Copyright Fee: GBP43.00$c0$e01-apr-2012$fGBP43.00$g0$hC$5Uk
=ACF  \\$aPrevious Copyright Fee: GBP43.00$c0$e01-jan-2012$fGBP43.00$g0$hC$5Uk
=ACF  \\$aPrevious Copyright Fee: GBP43.00$c0$e01-oct-2011$fGBP43.00$g0$hC$5Uk
=ACF  \\$aPrevious Copyright Fee: GBP43.00$c0$e01-jul-2011$fGBP43.00$g0$hC$5Uk
=ACF  \\$aPrevious Copyright Fee: GBP43.00$c0$e01-apr-2011$fGBP43.00$g0$hC$5Uk
=ACF  \\$aPrevious Copyright Fee: GBP43.00$c0$e01-jan-2011$fGBP43.00$g0$hC$5Uk
=ACF  \\$aPrevious Copyright Fee: GBP43.00$c0$e01-oct-2010$fGBP43.00$g0$hC$5Uk
=ACF  \\$aPrevious Copyright Fee: GBP43.00$c0$e01-jul-2010$fGBP43.00$g0$hC$5Uk
=ACF  \\$aPrevious copyright fee: GBP6.00$c0$e24-mar-2010$fGBP6.00$g0$hA$5Uk
=ACF  \\$aPrevious Copyright Fee: GBP58.75$c0$e01-jul-2012$fGBP58.75$g0$hC$5Uk
=ACF  \\$aPrevious Copyright Fee: GBP58.75$c0$e01-oct-2012$fGBP58.75$g0$hC$5Uk
=ACF  \\$aPrevious Copyright Fee: GBP12.30$c0$e01-apr-2015$fGBP12.30$g0$hC$5Uk
=ACF  \\$aPrevious Copyright Fee: GBP15.00$c0$e01-jan-2017$fGBP15.00$g0$hC$5Uk
=ACF  \\$aPrevious Copyright Fee: GBP17.50$c0$e01-jan-2018$fGBP17.50$g0$hC$5Uk
=ACF  \\$aPrevious Copyright Fee: GBP20.00$c0$e01-jan-2020$fGBP20.00$g0$hC$5Uk
=ACF  \\$aPrevious Copyright Fee: GBP22.50$c0$e01-jan-2021$fGBP22.50$g0$hC$5Uk
=CAT  \\$a5997$b40$c20100322$lBLL01$h0816
=CAT  \\$aBATCH-CLA$b00$c20120229$lBLL01$h1635
=CAT  \\$aIPL-CLA$c20120330$lBLL01$h1441
=CAT  \\$aBATCH-CLA$b00$c20120531$lBLL01$h1726
=CAT  \\$aIPL-CLA$c20120629$lBLL01$h1041
=CAT  \\$aBATCH-CLA$b00$c20120831$lBLL01$h1555
=CAT  \\$aIPL-CLA$c20120930$lBLL01$h2134
=CAT  \\$aBATCH-CLA$b00$c20121109$lBLL01$h1721
=CAT  \\$a14112$b40$c20140314$lBLL01$h1036
=CAT  \\$aCDS15-UPD$b40$c20140630$lBLL01$h1055
=CAT  \\$aBATCH-CLA$b00$c20150227$lBLL01$h1632
=CAT  \\$aIPL-CLA$c20150331$lBLL01$h1708
=CAT  \\$aBATCH-CLA$b00$c20161130$lBLL01$h1649
=CAT  \\$aIPL-CLA$c20161230$lBLL01$h2341
=CAT  \\$aBATCH-CLA$b00$c20171130$lBLL01$h1717
=CAT  \\$aIPL-CLA$c20171231$lBLL01$h1759
=CAT  \\$aBATCH-CLA$b00$c20191129$lBLL01$h1631
=CAT  \\$aIPL-CLA$c20191231$lBLL01$h2022
=CAT  \\$aBATCH-CLA$b00$c20201126$lBLL01$h1422
=CAT  \\$aIPL-CLA$c20201231$lBLL01$h2321
=CAT  \\$aBATCH-CLA$b00$c20221130$lBLL01$h1502
=CAT  \\$aIPL-CLA$c20221231$lBLL01$h2251
=CAT  \\$aBATCH-CLA$b00$c20230209$lBLL01$h1548
=CAT  \\$aIPL-CLA$c20230210$lBLL01$h0108
=CAT  \\$a10806$b40$c20230306$lBLL01$h1059
=CAT  \\$a10806$b40$c20230405$lBLL01$h1043
=CFI  0\$aCurrent Copyright Fee: GBP25.00$c0$e09-feb-2023$fGBP25.00$g0$hC$5Uk
=CFI  2\$aBritish Library not licensed to copy$c0$e01-jan-2023$hC$iCFP Excluded$5Uk
=FIN  \\$aY$d20100322
=FMT  \\$a  SE
=LAS  \\$a10806$b40$c20230405$lBLL01$h1043
=LKR  \\$aPAR$b014603613$lBLL01$nLS law. Medical$mMedical law reports (2010)$r78000
=MIS  \\$aBS
=TCO  \\$aCLA$bCLA$c008

