=LDR  02373cas a22006377a 4500
=001  015517637
=003  Uk
=005  20220822105051.0
=006  m\\\\\\\\d\|\\\\\\
=007  cr||||||||||||
=008  100324c20009999enk\x\p\s\\\\\0\\\a0eng\\
=022  \\$a2044-0588
=037  \\$aISSN_20440588_2$bPortico$nWiley
=040  \\$aUk$beng$cUk
=082  04$a580$223
=222  \0$aNew disease reports
=245  00$aNew disease reports$h[electronic resource].
=260  \\$aReading :$bBritish Society for Plant Pathology.
=310  \\$aTwo issues yearly, continuously updated during six month period of publication.
=336  \\$atext$2rdacontent
=337  \\$acomputer$2rdamedia
=338  \\$aonline resource$2rdacarrier
=540  \\$aCurrent Copyright Fee: zero$c35\0$5Uk
=580  \\$aArticles also published in 'Plant pathology' 2000-2009.
=710  2\$aBritish Society for Plant Pathology.
=787  0\$tPlant pathology$x0032-0862
=787  0\$tPlant pathology$c(Online)$x1365-3059
=852  41$aBritish Library$bHMNTS$jELD Digital store$3Volume 27:Number 1(2013)-
=856  \\$31850-9999$uhttp://onlinelibrary.wiley.com/$xBLDSS
=856  4\$uhttp://www.bspp.org.uk/publications/new-disease-reports/index.php$xOA-J
=856  40$uhttp://www.ndrs.org.uk/
=859  \\$aELD$bejournal
=945  \\$aNew disease reports
=979  \\$aBritish Library$bDSC$j6083.478500N
=985  \\$aISSN UK Centre note: ROAD OA
=985  \\$aISSN responsibility passed to U.S. Center (Wiley from 2021) (22/08/22)
=CAT  \\$a11316$b40$c20100324$lBLL01$h1242
=CAT  \\$a11316$b40$c20100324$lBLL01$h1245
=CAT  \\$a11316$b40$c20100324$lBLL01$h1508
=CAT  \\$a11316$b40$c20100416$lBLL01$h0859
=CAT  \\$a11313$b40$c20181109$lBLL01$h1410
=CAT  \\$a11313$b40$c20181109$lBLL01$h1529
=CAT  \\$a15020$b40$c20191209$lBLL01$h0937
=CAT  \\$a5552$b40$c20200114$lBLL01$h1347
=CAT  \\$aBLDSS-3PM$b00$c20200124$lBLL01$h0859
=CAT  \\$aBATCH-UPD$b00$c20200124$lBLL01$h0900
=CAT  \\$a14586$b40$c20210729$lBLL01$h1652
=CAT  \\$a10806$b40$c20220822$lBLL01$h1050
=CFI  0\$aCurrent Copyright Fee: zero$c35\0$e14-jan-2020$fGBP0.00$g0$hP$5Uk
=FFP  \\$aY$bBLDSS-3PM
=FIN  \\$aY$d20100324
=FMT  \\$a  SE
=LAS  \\$a10806$b40$c20220822$lBLL01$h1050
=TCO  \\$aCLA$bCLA$c008
=TOC  \\$aETOC
=UNO  \\$aY

