=LDR  01794 as a2200493 a 4500
=001  015555562
=003  Uk
=005  20211011140854.0
=007  ta
=008  100518d20102014enkfr\p\\\\\\\0\\\a0eng\\
=015  \\$aGBB0A9494$2bnb
=022  0\$a2044-4338
=040  \\$aUk$beng$cUk
=042  \\$aukblsr
=082  04$a617.7091724$222
=222  \0$aInsight plus$b(Haywards Heath)
=245  00$aInsight plus /$cSightsavers.
=260  \\$aHaywards Heath :$bSightsavers,$c2010-2014
=300  \\$av. :$bcol. ill., col. ports. ;$c30 cm.
=310  \\$aTwo issues yearly
=336  \\$atext$2rdacontent
=337  \\$aunmediated$2rdamedia
=338  \\$avolume$2rdacarrier
=362  0\$aIssue 1 (June 2010)-
=530  \\$aAlso issued online.
=610  20$aSightsavers$vPeriodicals.
=650  \0$aOphthalmology$zDeveloping countries$vPeriodicals.
=787  0\$tInsight$c(Haywards Heath)$x2044-7191
=852  41$aBritish Library$bHMNTS$jZK.9.b.28183$3Issue 1 (Jun. 2010)-issue 9 (Jun.2014)
=985  \\$aResponsibility for ISSN transferred to ISSN International Centre from ISSN UK Centre (publisher is international organisation), 25.11.2010
=CAT  \\$a10806$b40$c20100518$lBLL01$h0848
=CAT  \\$a10997$b40$c20100805$lBLL01$h1325
=CAT  \\$a11313$b40$c20100806$lBLL01$h1126
=CAT  \\$a11313$b40$c20100806$lBLL01$h1131
=CAT  \\$a10806$b40$c20100910$lBLL01$h1607
=CAT  \\$a10806$b40$c20100910$lBLL01$h1625
=CAT  \\$a11296$b40$c20100914$lBLL01$h1221
=CAT  \\$a11313$b40$c20101125$lBLL01$h1337
=CAT  \\$a6490$b40$c20211011$lBLL01$h1408
=FIN  \\$aY$d20100806
=FMT  \\$a  SE
=LAS  \\$a6490$b40$c20211011$lBLL01$h1408
=LKR  \\$aPAR$b015575386$lBLL01$r7870$mInsight plus (Haywards Heath)$nInsight (Haywards Heath)
=TCO  \\$aCLA$bCLA$c008

