=LDR  01809 as a2200517 a 4500
=001  015575386
=003  Uk
=005  20210329140705.0
=007  ta
=008  100611d20092014enkuu\p\\\\\\\0\\\a0eng\\
=015  \\$aGBB0A9497$2bnb
=022  0\$a2044-7191
=040  \\$aUk$beng$cUk
=042  \\$aukblsr
=082  04$a617.7091724$222
=130  0\$aInsight (Sightsavers)
=222  \0$aInsight$b(Haywards Heath)
=245  10$aInsight /$cSightsavers.
=260  \\$aHaywards Heath :$bSightsavers,$c2009-2014
=300  \\$av. :$bcol. ill., col. ports. ;$c30 cm.
=336  \\$atext$2rdacontent
=337  \\$aunmediated$2rdamedia
=338  \\$avolume$2rdacarrier
=362  0\$aNo. 1 (June 2009)-
=530  \\$aAlso issued online.
=610  20$aSightsavers$vPeriodicals.
=650  \0$aOphthalmology$zDeveloping countries$vPeriodicals.
=710  2\$aSightsavers.
=787  0\$tInsight plus$c(Haywards Heath)$x2044-4338
=852  41$aBritish Library$bHMNTS$jZK.9.b.28182$3No. 1 (Jun. 2009)-no. 4 (2014)
=985  \\$aResponsibility for ISSN transferred to ISSN International Centre from ISSN UK Centre (publisher is international organisation), 25.11.2010
=CAT  \\$a11315$b40$c20100611$lBLL01$h1445
=CAT  \\$a10997$b40$c20100806$lBLL01$h1040
=CAT  \\$a10997$b40$c20100806$lBLL01$h1041
=CAT  \\$a11313$b40$c20100806$lBLL01$h1130
=CAT  \\$a11313$b40$c20100806$lBLL01$h1131
=CAT  \\$a10806$b40$c20100910$lBLL01$h1617
=CAT  \\$a10806$b40$c20100910$lBLL01$h1624
=CAT  \\$a10806$b40$c20100910$lBLL01$h1625
=CAT  \\$a11296$b40$c20100914$lBLL01$h1218
=CAT  \\$a11313$b40$c20101125$lBLL01$h1333
=CAT  \\$a6490$b40$c20210329$lBLL01$h1407
=FIN  \\$aY$d20100806
=FMT  \\$a  SE
=LAS  \\$a6490$b40$c20210329$lBLL01$h1407
=TCO  \\$aCLA$bCLA$c008

