=LDR  03085cas a2200757 i 4500
=001  015619884
=003  Uk
=005  20230210010918.0
=007  ta
=008  991230c20099999ir\qr\p\\\\\\\0\\\a0eng\d
=022  0\$a2045-1040
=035  \\$a(OCoLC)892526669
=040  \\$aOLRC CONV$beng$cCUD$dOCLCO$dOCLCF$dUk$erda
=042  \\$aukblsr
=082  04$a297.071$223
=222  \0$aMessage of Thaqalayn$b(UK ed.)
=245  00$aMessage of Thaqalayn :$ba quarterly journal of Islamic studies.
=260  \\$aLondon :$bIslamic Centre of England ;
=264  \1$a[Tehran] :$bAhl al-Bayt World Assembly,$c2009-
=300  \\$c23 cm
=310  \\$aQuarterly
=336  \\$atext$2rdacontent
=337  \\$aunmediated$2rdamedia
=338  \\$avolume$2rdacarrier
=362  1\$aBegan with volume 10, number 1 (spring 1430/2009).
=504  \\$aIncludes bibliographical references.
=530  \\$aAlso issued online.
=540  \\$aCurrent Copyright Fee: GBP25.00$c0$5Uk
=588  \\$aDescription based on: volume 11, number 2 (summer 1431/2010).
=588  \\$aLatest issue consulted: volume 15, number 2 (summer 1435/2014).
=650  \0$aIslam$xStudy and teaching$vPeriodicals.
=650  \0$aMuslim students$vPeriodicals.
=650  \7$aIslam$xStudy and teaching.$2fast$0(OCoLC)fst00979852
=650  \7$aMuslim students.$2fast$0(OCoLC)fst01030985
=655  \7$aPeriodicals.$2fast$0(OCoLC)fst01411641
=710  2\$aAhl Ul Bayt (AS) World Assembly,$eissuing body.
=710  2\$aMarkaz al-Islāmī fī Injiltirā (London, England)
=780  17$tMessage of Thaqalayn
=852  41$aBritish Library$bHMNTS$jZK.9.b.12008$3Vol. 11, no. 2 (summer 2010)-v. 18, no. 4 (2017)
=985  \\$aISSN UK Centre note: Responsibility transferred to ISSN Iran 5.10.15.
=ACF  \\$aPrevious Copyright Fee: GBP20.00$c0$e01-jan-2020$fGBP20.00$g0$hC$5Uk
=ACF  \\$aPrevious Copyright Fee: GBP22.50$c0$e01-jan-2021$fGBP22.50$g0$hC$5Uk
=CAT  \\$a11313$b40$c20100804$lBLL01$h0824
=CAT  \\$a11313$b40$c20100914$lBLL01$h1333
=CAT  \\$a10997$b40$c20101104$lBLL01$h1711
=CAT  \\$a8464$b40$c20101209$lBLL01$h1416
=CAT  \\$a5110$b40$c20150727$lBLL01$h1124
=CAT  \\$aBATCH-UPD$b40$c20150914$lBLL01$h0431
=CAT  \\$a10973$b40$c20151005$lBLL01$h1014
=CAT  \\$a10973$b40$c20151005$lBLL01$h1015
=CAT  \\$a10973$b40$c20181031$lBLL01$h0839
=CAT  \\$aBATCH-CLA$b00$c20191129$lBLL01$h1626
=CAT  \\$aIPL-CLA$c20191231$lBLL01$h2024
=CAT  \\$aBATCH-CLA$b00$c20201126$lBLL01$h1401
=CAT  \\$aIPL-CLA$c20201231$lBLL01$h2323
=CAT  \\$aBATCH-CLA$b00$c20221130$lBLL01$h1431
=CAT  \\$aIPL-CLA$c20221231$lBLL01$h2256
=CAT  \\$aBATCH-CLA$b00$c20230209$lBLL01$h1519
=CAT  \\$aIPL-CLA$c20230210$lBLL01$h0109
=CFI  0\$aCurrent Copyright Fee: GBP25.00$c0$e09-feb-2023$fGBP25.00$g0$hC$5Uk
=CFI  2\$aBritish Library not licensed to copy$c0$e01-jan-2023$hC$iCFP Excluded$5Uk
=FIN  \\$aY$d20100914
=FMT  \\$a  SE
=LAS  \\$aIPL-CLA$b00$c20230210$lBLL01$h0109
=SID  \\$aZ39$bOCLC
=TCO  \\$aCLA$bCLA$c008

