=LDR  04353cas a2200949 a 4500
=001  015621985
=003  Uk
=005  20221231145036.0
=007  ta
=008  100809d20102016enkqr\p\\\\\\\0\\\a0eng\\
=022  \\$y0005-772X
=040  \\$aUk$beng$cUk$dUk
=042  \\$aukblsr
=082  04$a638.105$222
=130  0\$aBee world (2010)
=245  10$aBee world /$cInternational Bee Research Association.
=260  \\$aCardiff :$bIBRA,$c2010-
=264  31$32015- :$a[Abingdon] :$b[Taylor & Francis]
=300  \\$av. :$bcol. ill., col. ports. ;$c30 cm.
=310  \\$aQuarterly
=336  \\$atext$2rdacontent
=337  \\$aunmediated$2rdamedia
=338  \\$avolume$2rdacarrier
=362  0\$aVol. 87 issue 1 (Mar. 2010)-
=515  \\$aContinues numbering of the publication of same title issued 1919-2005, then temporarily absorbed by: Journal of apicultural research. After that "Buzz extra" served as a bridge between the first series of Bee World and this publication.
=540  \\$aCurrent copyright fee: GBP43.00$c2\0$5Uk
=650  \0$aBee culture$vPeriodicals.
=650  \0$aBees$vPeriodicals.
=710  2\$aInternational Bee Research Association.
=776  08$iAlso issued online as:$tBee world (2010)
=780  00$tBuzz extra$x1757-5400
=852  41$aBritish Library$bHMNTS$jZK.9.b.23476$3Vol. 87, issue 1 (Mar. 2010)-v. 93, issue 4 (Dec. 2016)
=856  \\$31850-9999$uhttp://www.tandfonline.com/$xBLDSS
=945  \\$aBee world.
=979  \\$aBritish Library$bDSC$j1876.000000
=985  \\$aStill printing ISSN from former incarnation as Bee World, but can't issue new ISSN as now the responsibility of the International Centre (see note on #13319375, Buzz extra), CS 1/11/11
=ACF  \\$aPrevious Copyright Fee: GBP12.00$c0$e01-apr-2012$fGBP12.00$g0$hC$5Uk
=ACF  \\$aPrevious Copyright Fee: GBP12.00$c0$e01-jan-2012$fGBP12.00$g0$hC$5Uk
=ACF  \\$aPrevious Copyright Fee: GBP12.00$c0$e01-jul-2012$fGBP12.00$g0$hC$5Uk
=ACF  \\$aPrevious Copyright Fee: GBP12.00$c0$e01-oct-2012$fGBP12.00$g0$hC$5Uk
=ACF  \\$aPrevious Copyright Fee: GBP12.30$c0$e01-jan-2014$fGBP12.30$g0$hC$5Uk
=ACF  \\$aPrevious Copyright Fee: GBP35.65$c0$e01-jan-2016$fGBP35.65$g0$hC$5Uk
=ACF  \\$aPrevious copyright fee: GBP31.00$c2\0$e01-apr-2016$fGBP31.00$g0$hP$5Uk
=ACF  \\$aPrevious copyright fee: GBP33.00$c2\0$e01-jan-2017$fGBP33.00$g0$hP$5Uk
=ACF  \\$aPrevious copyright fee: GBP35.00$c2\0$e01-jan-2018$fGBP35.00$g0$hP$5Uk
=ACF  \\$aPrevious copyright fee: GBP37.00$c2\0$e01-jan-2019$fGBP37.00$g0$hP$5Uk
=ACF  \\$aPrevious copyright fee: GBP39.00$c2\0$e01-jan-2020$fGBP39.00$g0$hP$5Uk
=CAT  \\$a5110$b40$c20100809$lBLL01$h1201
=CAT  \\$aBATCH-CLA$b00$c20121109$lBLL01$h1720
=CAT  \\$aBATCH-CLA$b00$c20131129$lBLL01$h1704
=CAT  \\$aIPL-CLA$c20140101$lBLL01$h0134
=CAT  \\$aBATCH-CLA$b00$c20151127$lBLL01$h1631
=CAT  \\$aIPL-CLA$c20151231$lBLL01$h1932
=CAT  \\$a8323$b40$c20160126$lBLL01$h0928
=CAT  \\$a5552$b40$c20160229$lBLL01$h1539
=CAT  \\$aIPL-CLA$c20160331$lBLL01$h1800
=CAT  \\$aBLDSS-3PM$b00$c20160404$lBLL01$h1601
=CAT  \\$aBATCH-UPD$b00$c20160413$lBLL01$h1825
=CAT  \\$aBATCH-UPD$b00$c20160721$lBLL01$h1048
=CAT  \\$aBATCH-UPD$b00$c20161122$lBLL01$h1506
=CAT  \\$a5552$b40$c20161202$lBLL01$h0850
=CAT  \\$aIPL-CLA$c20161230$lBLL01$h2346
=CAT  \\$aBATCH-UPD$b00$c20171121$lBLL01$h1656
=CAT  \\$aIPL-CLA$c20171231$lBLL01$h1802
=CAT  \\$aBATCH-UPD$b00$c20181217$lBLL01$h1645
=CAT  \\$aIPL-CLA$c20181231$lBLL01$h1550
=CAT  \\$aBATCH-UPD$b00$c20191122$lBLL01$h1907
=CAT  \\$aIPL-CLA$c20191231$lBLL01$h2024
=CAT  \\$aBATCH-UPD$b00$c20201118$lBLL01$h1341
=CAT  \\$aIPL-CLA$c20201231$lBLL01$h1531
=CAT  \\$a7764$b40$c20220719$lBLL01$h1613
=CAT  \\$aBATCH-UPD$b40$c20221121$lBLL01$h1340
=CAT  \\$aIPL-CLA$c20221231$lBLL01$h1450
=CFI  0\$aCurrent copyright fee: GBP43.00$c2\0$e01-jan-2023$fGBP43.00$g0$hP$5Uk
=CFI  2\$aPrevious copyright fee: GBP41.00$c2\0$e01-jan-2021$fGBP41.00$g0$hP$5Uk
=FFP  \\$aY$bBLDSS-3PM
=FIN  \\$aY$d20100809
=FMT  \\$a  SE
=LAS  \\$aIPL-CLA$b00$c20221231$lBLL01$h1450
=LKR  \\$aPAR$b013319375$lBLL01$r78000$mBee world$nBuzz extra
=TCO  \\$aCLA$bCLA$c008
=TOC  \\$aETOC

