=LDR  03382cas a2200733 a 4500
=001  015661860
=003  Uk
=005  20230908093454.0
=006  m\\\\\\\\d\|\\\\\\
=007  cr||||||||||||
=008  101001c20129999xxkfr\p\o\\\\\0\\\a0eng\\
=015  \\$aGBC0E4762$2bnb
=022  0\$a2045-5429
=040  \\$aUk$beng$cUk$dUk$dUk$erda
=042  \\$aukblsr
=082  04$a338.956$223
=210  0\$aInt. j. innov. knowl. manag. Middle East North Africa
=222  \0$aInternational journal of innovation and knowledge management in the Middle East and North Africa
=245  00$aInternational journal of innovation and knowledge management in the Middle East and North Africa$h[electronic resource].
=246  3\$aIJIKMMENA
=260  \\$a[Great Britain] :$bWorld Association for Sustainable Development,$c[2012]-
=310  \\$aSemiannual
=336  \\$atext$2rdacontent
=337  \\$acomputer$2rdamedia
=338  \\$aonline resource$2rdacarrier
=362  1\$aBegan with Vol. 1, no. 1 (2012).
=515  \\$aArticles added consecutively to current issue.
=588  \\$aDescription based on: vol. 4, no. 1 (2015); title from PDF article running title.
=588  \\$aLatest issue consulted: vol. 6, no. 1 (2017).
=650  \0$aSustainable development$zMiddle East$vPeriodicals.
=650  \0$aKnowledge management$zMiddle East$vPeriodicals.
=650  \0$aEntrepreneurship$zMiddle East$vPeriodicals.
=650  \0$aSustainable development$zAfrica, North$vPeriodicals.
=650  \0$aKnowledge management$zAfrica, North$vPeriodicals.
=650  \0$aEntrepreneurship$zAfrica, North$vPeriodicals.
=690  7\$aManagement and Business Studies$2blcoll
=710  2\$aWorld Association for Sustainable Development,$eissuing body.
=776  08$iPrint version, -<2014>:$tInternational journal of innovation and knowledge management in Middle East and North Africa$x2045-5410
=852  41$aBritish Library$bHMNTS$jELD Digital store$3Volume 4:Number 1(2015)-
=856  40$uhttp://worldsustainable.org/
=856  40$uhttps://www.wasd.org.uk/publications/journals/ijikmmena
=859  \\$aELD$bejournal
=985  \\$aISSN responsibility transfer to IC pending (Richard, 08/09/23)
=CAT  \\$a11315$b40$c20101001$lBLL01$h1126
=CAT  \\$a10806$b40$c20101004$lBLL01$h1106
=CAT  \\$a10806$b40$c20101004$lBLL01$h1122
=CAT  \\$a10806$b40$c20101012$lBLL01$h1416
=CAT  \\$a10806$b40$c20101020$lBLL01$h0832
=CAT  \\$a10806$b40$c20120201$lBLL01$h1058
=CAT  \\$a10806$b40$c20120403$lBLL01$h1608
=CAT  \\$a3072$b40$c20200923$lBLL01$h1729
=CAT  \\$a3072$b40$c20200923$lBLL01$h1732
=CAT  \\$a3072$b40$c20200924$lBLL01$h1817
=CAT  \\$a3072$b40$c20200928$lBLL01$h1137
=CAT  \\$a3072$b40$c20200928$lBLL01$h1234
=CAT  \\$aBATCH-MBS$c20201009$lBLL01$h2213
=CAT  \\$a10806$b40$c20230908$lBLL01$h0934
=FIN  \\$aY$d20120201
=FMT  \\$a  SE
=LAS  \\$a10806$b40$c20230908$lBLL01$h0934
=LET  \0$aInternational journal of innovation and knowledge management in the Middle East and North Africa (Online)
=LKR  \\$aPAR$b015661859$lBLL01$nInternational journal of innovation and knowledge management in Middle East and North Africa (Print)$mInternational journal of innovation and knowledge management in Middle East and North Africa (Online)$r776
=MNI  \\$a2045-5410
=TCO  \\$aCLA$bCLA$c008

