=LDR  03312cas a2200841 a 4500
=001  015711870
=003  Uk
=005  20210622223608.0
=006  m\\\\\o\\d\\\\\\\\
=007  cr\|||||||||||
=008  120808c20129999ch\\x\pso\\\\\0\\\a0eng\d
=015  \\$aGBB2B3098$2bnb
=022  0\$a2045-9769
=035  \\$a(OCoLC)805424692
=037  \\$a???$bBioMed Central
=040  \\$aOH1$cTEF$dTEF$dCS1$dUk
=042  \\$aukblsr
=050  \4$aQH499
=082  04$a616.02774$222
=210  0\$aCell regen.
=222  \0$aCell regeneration
=245  00$aCell regeneration$h[electronic resource].
=260  \\$a[London] :$bBioMed Central
=264  31$a[Beijing, China] :$bKe Ai
=336  \\$atext$2rdacontent
=337  \\$acomputer$2rdamedia
=338  \\$aonline resource$2rdacarrier
=362  1\$aBegan with: Vol. 1, issue 1 (2012).
=515  \\$aIndividually numbered articles posted irregularly.
=540  \\$aCurrent Copyright Fee: zero$c5\1$5Uk
=550  \\$aSupported by the Guangzhou Institute of Biomedicine and Health, Chinese Academy of Sciences, China.
=588  \\$aDescription based on: Vol. 1, issue 1 (2012); title from journal information screen (OhioLink, viewed Aug. 7, 2012).
=650  \0$aStem cells$vPeriodicals.
=650  \0$aRegeneration (Biology)$vPeriodicals.
=710  2\$aZhongguo ke xue yuan.
=710  2\$aBioMed Central Ltd.
=852  41$aBritish Library$bHMNTS$jELD Digital store$3Volume 4:Issue 1(2015)-Volume 5:Issue 1(2016)
=856  \\$31850-9999$uhttp://www.sciencedirect.com/$xBLDSS
=856  40$uhttp://www.cellregenerationjournal.com/$zLink no longer valid
=856  40$uhttp://www.keaipublishing.com/cn/journals/cell-regeneration/
=859  \\$aELD$bejournal
=945  \\$aCell regeneration
=979  \\$aBritish Library$bDSC$j3097.855000N
=985  \\$aKe Ai website viewed 15/03/17. Unable to access recent articles but publisher details updated.
=985  \\$aISSN UK Centre note: Responsibility transfer to China in process (Richard, 15/03/17)
=CAT  \\$a11316$b40$c20101208$lBLL01$h0808
=CAT  \\$a10806$b40$c20120709$lBLL01$h1112
=CAT  \\$a10806$b40$c20120709$lBLL01$h1328
=CAT  \\$a3072$b40$c20121108$lBLL01$h1152
=CAT  \\$a3072$b40$c20121108$lBLL01$h1159
=CAT  \\$a11316$b40$c20121217$lBLL01$h1013
=CAT  \\$aBATCH-CLA$b00$c20131129$lBLL01$h1650
=CAT  \\$aIPL-CLA$c20140101$lBLL01$h0139
=CAT  \\$a10973$b40$c20151026$lBLL01$h0940
=CAT  \\$a8311$b40$c20151105$lBLL01$h1525
=CAT  \\$a8311$b40$c20151105$lBLL01$h1530
=CAT  \\$a10973$b40$c20160518$lBLL01$h1559
=CAT  \\$a10806$b40$c20170315$lBLL01$h1200
=CAT  \\$a5552$b40$c20170629$lBLL01$h1341
=CAT  \\$aBLDSS-3PM$b00$c20170706$lBLL01$h1506
=CAT  \\$aBATCH-UPD$b00$c20170706$lBLL01$h1506
=CAT  \\$aW1711-1005$c20171206$lBLL01$h1823
=CAT  \\$a5552$b40$c20210616$lBLL01$h1122
=CAT  \\$aBATCH-UNOD$c20210622$lBLL01$h2236
=CFI  0\$aCurrent copyright fee: zero$c5\1$e29-jun-2017$fGBP0.00$g0$hP$5Uk
=CFI  2\$aPrevious Copyright Fee: GBP29.95$c0$e01-jan-2014$fGBP29.95$g0$hC$5Uk
=FFP  \\$aY$bBLDSS-3PM
=FIN  \\$aY$d20120709
=FMT  \\$a  SE
=LAS  \\$aBATCH-UNOD$b00$c20210622$lBLL01$h2236
=SID  \\$aZ39$bOCLC
=TCO  \\$aCLA$bCLA$c008
=TOC  \\$aETOC

