=LDR  05332cas a2201081 a 4500
=001  015751673
=003  Uk
=005  20221231145047.0
=007  ta
=008  110214c20119999enktr\p\\\\\\\0\\\a0eng\\
=015  \\$aGBB120540$2bnb
=022  0\$a2046-4177$y1476-1548
=040  \\$aUk$beng$cUk
=042  \\$aukblsr
=082  04$a623.805$222
=210  0\$aJ. mar. eng. technol.
=222  \0$aJournal of marine engineering and technology
=245  00$aJournal of marine engineering and technology.
=246  30$aMarine engineering and technology
=246  3\$aProceedings of the Institute of Marine Engineering, Science and Technology
=246  3\$aJMET
=260  \\$aLondon :$bIMarEST,$c2011-
=264  31$32015-$aAbingdon :$bTaylor & Francis
=300  \\$av. :$bill. ;$c30 cm.
=310  \\$aThree issues yearly
=336  \\$atext$2rdacontent
=337  \\$aunmediated$2rdamedia
=338  \\$avolume$2rdacarrier
=362  0\$aVol. 10, issue 1 (Jan. 2011)-
=540  \\$aCurrent copyright fee: GBP43.00$c2\0$5Uk
=550  \\$a"Proceedings of the Institute of Marine Engineering, Science and Technology."
=588  \\$aLatest issue consulted: volume 14, number 1 (February 2015).
=650  \0$aMarine engineering$vPeriodicals.
=710  2\$aInstitute of Marine Engineering, Science and Technology.
=776  08$iAlso issued online as:$tJournal of marine engineering and technology$x2056-8487
=780  00$tProceedings of the Institute of Marine Engineering, Science and Technology. Part A, Journal of marine engineering and technology$x1476-1548
=852  11$aBritish Library$bSTI$k(P)$h623.805$m-E(1)$3Vol. 10, issue 1 (Jan. 2011)-v. 14, issue 2 (2015)***title now taken as electronic copy only
=852  41$aBritish Library$bDSC$j5011.775500$3Vol. 10, Issue 1 (Jan. 2011)-v. 16, no. 3 (2017)
=856  \\$31850-9999$uhttp://www.tandfonline.com/$xBLDSS
=945  \\$aJournal of marine engineering and technology
=959  \\$fHeld but not currently received
=985  \\$aISSN note: responsibility for ISSN transferred to U.S. as now published by Taylor & Francis. 23.07.15.
=ACF  \\$aPrevious Copyright Fee: GBP12.00$c0$e01-apr-2012$fGBP12.00$g0$hC$5Uk
=ACF  \\$aPrevious Copyright Fee: GBP12.00$c0$e01-jan-2012$fGBP12.00$g0$hC$5Uk
=ACF  \\$aPrevious Copyright Fee: GBP10.50$c0$e01-oct-2011$fGBP10.50$g0$hC$5Uk
=ACF  \\$aPrevious Copyright Fee: GBP10.50$c0$e01-jul-2011$fGBP10.50$g0$hC$5Uk
=ACF  \\$aPrevious Copyright Fee: GBP10.50$c0$e01-apr-2011$fGBP10.50$g0$hC$5Uk
=ACF  \\$aPrevious copyright fee: GBP10.50$c0$e18-feb-2011$fGBP10.50$g0$hA$5Uk
=ACF  \\$aPrevious Copyright Fee: GBP12.00$c0$e01-jul-2012$fGBP12.00$g0$hC$5Uk
=ACF  \\$aPrevious Copyright Fee: GBP12.30$c0$e01-jan-2014$fGBP12.30$g0$hC$5Uk
=ACF  \\$aPrevious Copyright Fee: GBP12.00$c0$e01-oct-2012$fGBP12.00$g0$hC$5Uk
=ACF  \\$aPrevious copyright fee: GBP30.00$c2\0$e14-jan-2015$fGBP30.00$g0$hP$5Uk
=ACF  \\$aPrevious copyright fee: GBP34.00$c2\0$e01-jan-2016$fGBP34.00$g0$hP$5Uk
=ACF  \\$aPrevious copyright fee: GBP31.00$c2\0$e01-apr-2016$fGBP31.00$g0$hP$5Uk
=ACF  \\$aPrevious copyright fee: GBP33.00$c2\0$e01-jan-2017$fGBP33.00$g0$hP$5Uk
=ACF  \\$aPrevious copyright fee: GBP35.00$c2\0$e01-jan-2018$fGBP35.00$g0$hP$5Uk
=ACF  \\$aPrevious copyright fee: GBP37.00$c2\0$e01-jan-2019$fGBP37.00$g0$hP$5Uk
=ACF  \\$aPrevious copyright fee: GBP39.00$c2\0$e01-jan-2020$fGBP39.00$g0$hP$5Uk
=CAT  \\$a8323$b40$c20110214$lBLL01$h1137
=CAT  \\$aBATCH-CLA$b00$c20131129$lBLL01$h1650
=CAT  \\$aIPL-CLA$c20140101$lBLL01$h0141
=CAT  \\$a11316$b40$c20140912$lBLL01$h1125
=CAT  \\$a5552$b40$c20150114$lBLL01$h1122
=CAT  \\$aBLDSS-3PM$b00$c20150215$lBLL01$h1113
=CAT  \\$a11315$b40$c20150715$lBLL01$h0802
=CAT  \\$a11315$b40$c20150723$lBLL01$h0815
=CAT  \\$aBATCH-UPD$b40$c20151119$lBLL01$h1536
=CAT  \\$aIPL-CLA$c20151231$lBLL01$h1933
=CAT  \\$a5552$b40$c20160303$lBLL01$h0921
=CAT  \\$aIPL-CLA$c20160331$lBLL01$h1803
=CAT  \\$aBATCH-UPD$b00$c20160616$lBLL01$h1114
=CAT  \\$aBATCH-UPD$b00$c20161122$lBLL01$h1506
=CAT  \\$aIPL-CLA$c20161230$lBLL01$h2351
=CAT  \\$aBATCH-UPD$b00$c20171121$lBLL01$h1656
=CAT  \\$aIPL-CLA$c20171231$lBLL01$h1806
=CAT  \\$aBATCH-UPD$b00$c20181217$lBLL01$h1645
=CAT  \\$aIPL-CLA$c20181231$lBLL01$h1551
=CAT  \\$a8335$b40$c20190828$lBLL01$h1118
=CAT  \\$aBATCH-UPD$b40$c20191122$lBLL01$h1907
=CAT  \\$aIPL-CLA$c20191231$lBLL01$h2026
=CAT  \\$aBATCH-UPD$b00$c20201118$lBLL01$h1341
=CAT  \\$aIPL-CLA$c20201231$lBLL01$h1532
=CAT  \\$aBATCH-UPD$b00$c20221121$lBLL01$h1340
=CAT  \\$aIPL-CLA$c20221231$lBLL01$h1450
=CFI  0\$aCurrent copyright fee: GBP43.00$c2\0$e01-jan-2023$fGBP43.00$g0$hP$5Uk
=CFI  2\$aPrevious copyright fee: GBP41.00$c2\0$e01-jan-2021$fGBP41.00$g0$hP$5Uk
=FFP  \\$aY$bBLDSS-3PM
=FIN  \\$aY$d20110214
=FMT  \\$a  SE
=LAS  \\$aIPL-CLA$b00$c20221231$lBLL01$h1450
=LKR  \\$aPAR$b007872066$lBLL01$nProceedings of the Institute of Marine Engineering, Science and Technology. Part A, Journal of marine engineering and technology$mJournal of marine engineering and technology$r78000
=TCO  \\$aCLA$bCLA$c008
=TOC  \\$aETOC

