=LDR  02063 as a2200541 a 4500
=001  015789252
=003  Uk
=005  20210218104031.0
=006  m\\\\\\\\d\|\\\\\\
=007  co||||||||||||
=008  110412d20112014enkmr\\\ss\\\\0\\\a0eng\\
=015  \\$aGBB198161$2bnb
=022  0\$a2046-9519
=040  \\$aUk$beng$cUk
=042  \\$aukblsr
=082  04$a338.17373$223
=222  \0$aStatistics on coffee
=245  00$aStatistics on coffee$h[electronic resource].
=260  \\$aLondon :$bInternational Coffee Organization,$c2011-2014
=300  \\$aCD-ROMs ;$c4 3/4 in.
=310  \\$aMonthly
=336  \\$atext$2rdacontent
=337  \\$acomputer$2rdamedia
=338  \\$acomputer disc$2rdacarrier
=362  0\$a1/ICA 2007 (Apr. 2011)-
=500  \\$aTitle printed on disc.
=520  \\$aProvides information on production, exports, imports, re-exports, market prices, prices to growers and values of imports and exports.
=538  \\$aSystem requirements: IBM compatible PC; Windows.
=588  \\$aLatest issue consulted: 2/ICA 2007 (July 2011).
=650  \0$aCoffee industry$vStatistics$vPeriodicals.
=650  \0$aMarket surveys$zGreat Britain$vPeriodicals.
=690  7\$aManagement and Business Studies$2blcoll
=710  2\$aInternational Coffee Organization (1962- )
=780  00$tCoffee statistics (CD-ROM)$x1755-5620
=852  41$aBritish Library$bHMNTS$jEC.9.x.931$3Apr.(2011)-Jan.(2014)
=985  \\$aISSN UK Centre note: responsibility transferred to IC, publisher=international body (15.10.15).
=CAT  \\$a11313$b40$c20110412$lBLL01$h1401
=CAT  \\$a3072$b40$c20110819$lBLL01$h1130
=CAT  \\$a3072$b40$c20110819$lBLL01$h1131
=CAT  \\$aBATCH-MBS$c20110826$lBLL01$h2103
=CAT  \\$a10973$b40$c20151015$lBLL01$h1555
=CAT  \\$a6490$b40$c20210218$lBLL01$h1040
=FIN  \\$aY$d20110819
=FMT  \\$a  SE
=LAS  \\$a6490$b40$c20210218$lBLL01$h1040
=LET  \0$aStatistics on coffee (CD-ROM)
=LKR  \\$aPAR$b013264780$lBLL01$r78000$mStatistics on coffee$nCoffee statistics
=TCO  \\$aCLA$bCLA$c008

