=LDR  02214 as a2200565 a 4500
=001  015857934
=003  Uk
=005  20210218104709.0
=006  m\\\\\\\\d\|\\\\\\
=007  co||||||||||||
=008  110728d20052013enkar\\\ss\\\\0\\\a0eng\\
=015  \\$aGBB1A7280$2bnb
=022  0\$a2047-7627
=040  \\$aUk$beng$cUk$dUk
=042  \\$aukblsr
=082  04$a382.41373021$222
=222  \0$aAnnual coffee trade statistics
=245  00$aAnnual coffee trade statistics$h[electronic resource].
=260  \\$aLondon :$bInternational Coffee Organization,$c2011-2013
=300  \\$aCD-ROMs ;$c4 3/4 in.
=336  \\$atext$2rdacontent
=337  \\$acomputer$2rdamedia
=338  \\$acomputer disc$2rdacarrier
=362  0\$a2005/2010-
=500  \\$aTitle printed on disc.
=515  \\$a1st issue marked "July 2011"; covers 2005 to 2010.
=520  \\$aEach issue includes data on exports, imports and re-exports of green, roasted and soluble coffee by origin and destination for the previous 6 years.
=538  \\$aSystem requirements: IBM compatible PC; Windows.
=538  \\$aSystem requirements: Adobe Acrobat Reader; Microsoft Excel.
=650  \0$aCoffee industry$vStatistics$vPeriodicals.
=650  \0$aImports$vStatistics$vPeriodicals.
=650  \0$aExports$vStatistics$vPeriodicals.
=690  7\$aManagement and Business Studies$2blcoll
=710  2\$aInternational Coffee Organization (1962- )
=780  02$tGreen and processed coffee trade statistics
=852  41$aBritish Library$bHMNTS$jSPR. CD. 1167$3Jul.(2011)-Jul.(2013)
=985  \\$aISSN UK Centre note: responsibility transferred to IC, publisher=international body. 15.10.15.
=CAT  \\$a7152$b40$c20110728$lBLL01$h1506
=CAT  \\$a3072$b40$c20110912$lBLL01$h1717
=CAT  \\$a3072$b40$c20110912$lBLL01$h1718
=CAT  \\$a3072$b40$c20110912$lBLL01$h1722
=CAT  \\$aBATCH-MBS$c20111028$lBLL01$h2107
=CAT  \\$a8201$b40$c20111118$lBLL01$h1141
=CAT  \\$a10973$b40$c20151015$lBLL01$h1543
=CAT  \\$a6490$b40$c20210218$lBLL01$h1047
=FIN  \\$aY$d20110912
=FMT  \\$a  SE
=LAS  \\$a6490$b40$c20210218$lBLL01$h1047
=LET  \0$aAnnual coffee trade statistics (CD-ROM)
=TCO  \\$aCLA$bCLA$c008

