=LDR  04393cas a2201009 a 4500
=001  015901626
=003  Uk
=005  20221231145109.0
=006  m\\\\\\\\d\|\\\\\\
=007  cr||||||||||||
=008  110930d20122019enkfr\p\s\\\\\0\\\a0eng\\
=015  \\$aGBB280946$2bnb
=022  0\$a2048-8440
=037  \\$aISSN_20488432_21$bPortico$nTaylor & Francis
=040  \\$aUk$beng$cUk$dUk
=042  \\$aukblsr
=082  04$a343.055$223
=130  0\$aWorld journal of VAT/GST law (Online)
=222  \0$aWorld journal of VAT/GST law$b(Online)
=245  10$aWorld journal of VAT/GST law$h[electronic resource].
=246  3\$aWorld journal of value-added tax/goods and services tax law
=260  \\$aOxford :$bHart Publishing,$c2012-2019.
=264  21$32015-$aLondon :$bRoutledge Informa Ltd
=264  31$a[Abingdon?] :$bRoutledge, Taylor & Francis Group
=310  \\$aTwice yearly
=336  \\$atext$2rdacontent
=337  \\$acomputer$2rdamedia
=338  \\$aonline resource$2rdacarrier
=362  0\$aVol. 1, issue 1 (2012)-volume 8, issue 1-2 (2019).
=500  \\$aCeased publication.
=500  \\$aTitle from PDF running title, editorial page iii (viewed Aug. 16, 2012).
=538  \\$aMode of access: World Wide Web.
=538  \\$aSystem requirements: Adobe Acrobat Reader.
=540  \\$aCurrent copyright fee: GBP37.00$c2\0$5Uk
=588  \\$aLatest issue consulted: volume 8, issue 1-2 (2019) (Taylor & Francis Online, viewed November 8, 2021).
=650  \0$aValue-added tax$xLaw and legislation$vPeriodicals.
=690  7\$aManagement and Business Studies$2blcoll
=776  08$iPrint version:$tWorld journal of VAT/GST law$x2048-8432
=852  41$aBritish Library$bHMNTS$jELD Digital store$3Volume 2:Number 1(2013:Jun.)-Volume 8:Number 1/2(2019)
=856  \\$31850-9999$uhttp://www.tandfonline.com/$xBLDSS
=856  40$ahttp://www.hartjournals.co.uk/wjvol/index.html
=856  40$uhttp://www.tandfonline.com/toc/rvat20/current
=859  \\$aELD$bejournal
=945  \\$aWorld journal of VAT/GST law.
=979  \\$aBritish Library$bDSC$j9356.074700N
=985  \\$aISSN note: responsibility for ISSN transferred from UK to US at request of US ISSN Center under multinational publisher agreement. 03.07.15.
=ACF  \\$aPrevious copyright fee: GBP26.00$c2\0$e14-mar-2016$fGBP26.00$g0$hP$5Uk
=ACF  \\$aPrevious copyright fee: GBP28.00$c2\0$e01-jan-2017$fGBP28.00$g0$hP$5Uk
=ACF  \\$aPrevious copyright fee: GBP30.00$c2\0$e01-jan-2018$fGBP30.00$g0$hP$5Uk
=ACF  \\$aPrevious copyright fee: GBP32.00$c2\0$e01-jan-2019$fGBP32.00$g0$hP$5Uk
=ACF  \\$aPrevious copyright fee: GBP34.00$c2\0$e01-jan-2020$fGBP34.00$g0$hP$5Uk
=CAT  \\$a11315$b40$c20110930$lBLL01$h1126
=CAT  \\$aWR15_120$c20150910$lBLL01$h1826
=CAT  \\$aBATCH-MBS$c20150918$lBLL01$h2047
=CAT  \\$a14448$b40$c20160130$lBLL01$h0823
=CAT  \\$a5552$b40$c20160314$lBLL01$h1334
=CAT  \\$a10973$b40$c20160321$lBLL01$h1033
=CAT  \\$aBLDSS-3PM$b00$c20160322$lBLL01$h1621
=CAT  \\$aBATCH-UPD$b00$c20160413$lBLL01$h1825
=CAT  \\$aBATCH-UPD$b00$c20160805$lBLL01$h0731
=CAT  \\$a5552$b40$c20161122$lBLL01$h0829
=CAT  \\$aBATCH-UPD$b40$c20161122$lBLL01$h1515
=CAT  \\$aIPL-CLA$c20161230$lBLL01$h2357
=CAT  \\$a5410$b40$c20170221$lBLL01$h1423
=CAT  \\$aBATCH-UPD$b40$c20171121$lBLL01$h1650
=CAT  \\$aW1711-1005$c20171206$lBLL01$h1823
=CAT  \\$aIPL-CLA$c20171231$lBLL01$h1809
=CAT  \\$aBATCH-UPD$b00$c20181217$lBLL01$h1640
=CAT  \\$aIPL-CLA$c20181231$lBLL01$h1551
=CAT  \\$aBATCH-UPD$b00$c20191122$lBLL01$h1902
=CAT  \\$aIPL-CLA$c20191231$lBLL01$h2029
=CAT  \\$aBATCH-UPD$b00$c20201118$lBLL01$h1336
=CAT  \\$aIPL-CLA$c20201231$lBLL01$h1532
=CAT  \\$a3072$b40$c20211208$lBLL01$h1230
=CAT  \\$a3072$b40$c20211213$lBLL01$h1734
=CAT  \\$aBATCH-UPD$b40$c20221121$lBLL01$h1349
=CAT  \\$aIPL-CLA$c20221231$lBLL01$h1451
=CFI  0\$aCurrent copyright fee: GBP37.00$c2\0$e01-jan-2023$fGBP37.00$g0$hP$5Uk
=CFI  2\$aPrevious copyright fee: GBP35.00$c2\0$e01-jan-2021$fGBP35.00$g0$hP$5Uk
=FFP  \\$aY$bBLDSS-3PM
=FIN  \\$aY$d20120816
=FMT  \\$a  SE
=LAS  \\$aIPL-CLA$b00$c20221231$lBLL01$h1451
=LET  \0$aWorld journal of VAT/GST law (Electronic)
=MNI  \\$a2048-8432
=TCO  \\$aCLA$bCLA$c008
=TOC  \\$aETOC

