=LDR  03687cas a2200889 i 4500
=001  015966486
=003  Uk
=005  20211231154515.0
=006  m\\\\\\\\d\|\\\\\\
=007  cr||||||||||||
=008  111110c20149999njubr\p\s\\\\\0\\\a0eng\\
=015  \\$aGBB407063$2bnb
=022  0\$a2049-1948
=037  \\$aISSN_20491948$bPortico$nWiley
=040  \\$aUk$beng$cUk$erda
=042  \\$aukblsr
=082  04$a553.705$223
=245  00$aWiley interdisciplinary reviews.$pWater.
=246  13$iAlso known as:$aWIREs.$pWater
=246  30$aWater
=264  \1$aHoboken, NJ :$bWiley,$c2014-
=310  \\$aBimonthly
=336  \\$atext$2rdacontent
=337  \\$acomputer$2rdamedia
=338  \\$aonline resource$2rdacarrier
=362  0\$aVolume 1, issue 1 (January/ February 2014)-
=500  \\$aTitle from journal home page (Wiley Online Library, viewed January 16, 2014).
=540  \\$aCurrent copyright fee: GBP39.00$c35\0$5Uk
=650  \0$aHydrology$vPeriodicals.
=852  41$aBritish Library$bHMNTS$jELD Digital store$3Volume 1:Number 1(2014)-
=852  41$aBritish Library$bDSC$j9317.862700$3Volume 1:Issue 1(2014)-Volume 7:Issue 6(2020)***See ESTAR for full holdings.
=856  \\$31850-9999$uhttp://onlinelibrary.wiley.com/$xBLDSS
=856  40$uhttp://onlinelibrary.wiley.com/journal/10.1002/(ISSN)2049-1948
=859  \\$aELD$bejournal
=945  \\$aWiley interdisciplinary reviews water
=959  \\$fHeld but not currently received
=985  \\$aISSN UK: Responsibility for ISSN 2049-1948 transferred from ISSN UK Centre to US ISSN Center prior to completion, 01/11/12. Place of publication is Hoboken, NJ. See US Center correspondence file for further details. 222 removed, still Work record on Portal 16/1/14
=ACF  \\$aPrevious copyright fee: GBP22.00$c35\0$e01-jan-2014$fGBP22.00$g0$hP$5Uk
=ACF  \\$aPrevious copyright fee: GBP24.00$c35\0$e01-mar-2015$fGBP24.00$g0$hP$5Uk
=ACF  \\$aPrevious copyright fee: GBP28.00$c35\0$e01-jan-2019$fGBP28.00$g0$hP$5Uk
=CAT  \\$a11315$b40$c20111110$lBLL01$h0911
=CAT  \\$a11315$b40$c20120719$lBLL01$h0903
=CAT  \\$a10806$b40$c20121023$lBLL01$h1352
=CAT  \\$a10806$b40$c20121101$lBLL01$h1037
=CAT  \\$a5552$b40$c20131118$lBLL01$h1123
=CAT  \\$a14112$b40$c20131220$lBLL01$h1134
=CAT  \\$aIPL-CLA$c20140101$lBLL01$h0153
=CAT  \\$a12654$b40$c20140103$lBLL01$h1051
=CAT  \\$a12654$b40$c20140103$lBLL01$h1133
=CAT  \\$a12654$b40$c20140103$lBLL01$h1140
=CAT  \\$a8124$b40$c20140116$lBLL01$h1211
=CAT  \\$a14112$b40$c20140131$lBLL01$h1623
=CAT  \\$aBLDSS-3PM$b00$c20141214$lBLL01$h1526
=CAT  \\$aBATCH-UPD$b00$c20150215$lBLL01$h1705
=CAT  \\$aIPL-CLA$c20150228$lBLL01$h2056
=CAT  \\$aBATCH-UPD$b00$c20160526$lBLL01$h1904
=CAT  \\$aW1711-1005$c20171206$lBLL01$h1823
=CAT  \\$aBATCH-UPD$b00$c20180219$lBLL01$h1755
=CAT  \\$aBATCH-UPD$b00$c20181121$lBLL01$h1626
=CAT  \\$aIPL-CLA$c20181231$lBLL01$h1551
=CAT  \\$aR1911-0245$c20191127$lBLL01$h0823
=CAT  \\$aR1911-0245$c20191127$lBLL01$h1045
=CAT  \\$aIPL-CLA$c20191231$lBLL01$h2029
=CAT  \\$a12654$b40$c20210204$lBLL01$h0901
=CAT  \\$aW2111-0842$c20211208$lBLL01$h1943
=CAT  \\$aIPL-CLA$c20211231$lBLL01$h1545
=CFI  0\$aCurrent copyright fee: GBP39.00$c35\0$e01-jan-2022$fGBP39.00$g0$hP$5Uk
=CFI  2\$aPrevious Copyright Fee: GBP32.00$c35\0$e01-jan-2020$fGBP32.00$g0$hP$5Uk
=EST  \\$a1
=FFP  \\$aY$bBLDSS-3PM
=FIN  \\$aY$d20140116
=FMT  \\$a  SE
=LAS  \\$aIPL-CLA$b00$c20211231$lBLL01$h1545
=MNI  \\$a2049-1948
=TCO  \\$aCLA$bCLA$c008
=TOC  \\$aETOC
=UNO  \\$aY

