=LDR  05635cas a2201273 a 4500
=001  015967847
=003  Uk
=005  20230731135135.0
=006  m\\\\\\\\d\\\\\\\\
=007  cr\mnu||||||||
=008  050614c19599999cauqr\jso\o\\\0\\\a0eng\d
=010  \\$a2006234636
=022  \\$a2211-4866$y0034-673X
=035  \\$a(OCoLC)60616582
=037  \\$a???$bSage (UK) Ltd
=040  \\$aOCLCS$cOCLCS$dEYM$dHUL$dNSD$dDLC$dUk
=042  \\$aukblsr
=050  14$aBL1
=060  \4$aW1$bRE254N
=130  0\$aReview of religious research (Online)
=222  \0$aReview of religious research$b(Online)
=245  10$aReview of religious research$h[electronic resource].
=260  \\$aNew York, N.Y. :$bReligious Research Association,$c1959-
=264  21$3<2011>-2022 :$aSwitzerland :$bSpringer Nature
=264  31$32023-$a[Thousand Oaks, California?] :$bSage
=310  \\$aQuarterly,$bfall 1978-
=321  \\$aQuarterly,$b1959-spring 1962
=321  \\$a3 no. a year,$bfall 1962-spring 1978
=336  \\$atext$2rdacontent
=337  \\$acomputer$2rdamedia
=338  \\$aonline resource$2rdacarrier
=362  0\$aVol. 1, no. 1 (summer 1959)-
=500  \\$aTitle from cover (JSTOR, viewed Sept. 13, 2006).
=500  \\$aPlace of publication varies.
=540  \\$aCurrent copyright fee: GBP29.95$c22\1$5Uk
=550  \\$aOfficial journal of the Religious Research Association.
=555  \\$aV. 1-10, 1959/60-1968/69. 1 v.
=588  \\$aLatest issue consulted: volume 65, issue 1 (March 2023) (Sage Journals, viewed July 31, 2023).
=650  \0$aReligion$vPeriodicals.
=650  \0$aReligion and sociology$vPeriodicals.
=650  \2$aReligion$vPeriodicals.
=650  \2$aResearch$vPeriodicals.
=710  2\$aReligious Research Association.
=776  1\$tReview of religious research$x0034-673X
=852  41$aBritish Library$bDSC$j7794.195000$3Volume 53:Issue 1(2011)-Volume 59:Issue 4(2017)***See ESTAR for full holdings.
=852  41$aBritish Library$bHMNTS$jELD Digital store$3Volume 55:Issue 1(2013)-
=856  \\$31850-9999$uhttp://www.springer.com/gb/$xBLDSS
=856  4\$uhttp://rra.hartsem.edu/reviewof.htm$zContents and abstracts
=856  40$uhttp://www.jstor.org/journals/0034673X.html
=856  40$uhttps://journals.sagepub.com/home/RRR
=859  \\$aXLD$bejournal
=859  \\$aELD$bejournal
=945  \\$aReview of religious research
=959  \\$fHeld but not currently received
=979  \\$aBritish Library$bDSC$j7794.195000
=985  \\$aISSN responsibility transfer from Netherlands to UK pending (Richard, 31/07/23)
=ACF  \\$aPrevious copyright fee: GBP22.00$c22\1$e14-nov-2011$fGBP22.00$g0$hP$5Uk
=ACF  \\$aPrevious copyright fee: GBP22.00$c22\1$e12-aug-2012$fGBP22.00$g0$hP$5Uk
=ACF  \\$aPrevious copyright fee: GBP25.00$c22\1$e01-jan-2013$fGBP25.00$g0$hP$5Uk
=ACF  \\$aPrevious copyright fee: GBP25.77$c22\1$e01-jul-2013$fGBP25.77$g0$hP$5Uk
=ACF  \\$aPrevious copyright fee: GBP24.97$c22\1$e01-jan-2014$fGBP24.97$g0$hP$5Uk
=ACF  \\$aPrevious copyright fee: GBP24.21$c22\1$e01-jul-2014$fGBP24.21$g0$hP$5Uk
=ACF  \\$aPrevious copyright fee: GBP25.77$c22\1$e01-apr-2015$fGBP25.77$g0$hP$5Uk
=ACF  \\$aPrevious copyright fee: GBP26.63$c22\1$e01-jul-2015$fGBP26.63$g0$hP$5Uk
=ACF  \\$aPrevious copyright fee: GBP25.77$c22\1$e01-oct-2015$fGBP25.77$g0$hP$5Uk
=ACF  \\$aPrevious copyright fee: GBP27.55$c22\1$e01-apr-2016$fGBP27.55$g0$hP$5Uk
=ACF  \\$aPrevious copyright fee: GBP29.59$c22\1$e01-oct-2016$fGBP29.59$g0$hP$5Uk
=ACF  \\$aPrevious copyright fee: GBP31.96$c22\1$e01-apr-2017$fGBP31.96$g0$hP$5Uk
=ACF  \\$aPrevious copyright fee: GBP30.73$c22\1$e01-oct-2017$fGBP30.73$g0$hP$5Uk
=ACF  \\$aPrevious copyright fee: GBP28.54$c22\1$e01-apr-2018$fGBP28.54$g0$hP$5Uk
=CAT  \\$a12654$b40$c20111114$lBLL01$h1123
=CAT  \\$aIPL-CLA$c20150630$lBLL01$h1716
=CAT  \\$aBATCH-UPD$b00$c20150820$lBLL01$h1832
=CAT  \\$aIPL-CLA$c20150930$lBLL01$h1843
=CAT  \\$aBATCH-UPD$b00$c20160217$lBLL01$h1721
=CAT  \\$aIPL-CLA$c20160331$lBLL01$h1806
=CAT  \\$aBATCH-UPD$b00$c20160524$lBLL01$h2214
=CAT  \\$aBATCH-UPD$b00$c20160525$lBLL01$h0054
=CAT  \\$aBATCH-UPD$b00$c20160824$lBLL01$h1749
=CAT  \\$aIPL-CLA$c20160930$lBLL01$h1635
=CAT  \\$aBATCH-UPD$b00$c20170216$lBLL01$h1837
=CAT  \\$aIPL-CLA$c20170331$lBLL01$h1912
=CAT  \\$aBATCH-UPD$b00$c20170904$lBLL01$h1845
=CAT  \\$aIPL-CLA$c20170929$lBLL01$h1758
=CAT  \\$aBATCH-UPD$b00$c20180223$lBLL01$h1705
=CAT  \\$aIPL-CLA$c20180331$lBLL01$h1657
=CAT  \\$aW1805-0475$c20180520$lBLL01$h1632
=CAT  \\$aBATCH-UPD$b00$c20180524$lBLL01$h1709
=CAT  \\$aIPL-CLA$c20180630$lBLL01$h1935
=CAT  \\$aW1908-0780$b00$c20200730$lBLL01$h1332
=CAT  \\$aCDS21$c20220118$lBLL01$h1105
=CAT  \\$aBATCH-UPD$b00$c20221121$lBLL01$h1405
=CAT  \\$aIPL-CLA$c20221231$lBLL01$h1451
=CAT  \\$a5410$b40$c20230407$lBLL01$h1447
=CAT  \\$a10983$b40$c20230727$lBLL01$h1501
=CAT  \\$a10806$b40$c20230731$lBLL01$h1351
=CFI  0\$aCurrent copyright fee: GBP29.95$c22\1$e01-jan-2023$fGBP29.95$g0$hP$5Uk
=CFI  2\$aPrevious copyright fee: GBP34.00$c22\1$e01-jul-2018$fGBP34.00$g0$hP$5Uk
=EST  \\$a1
=FFP  \\$aY$bBLDSS-3PM
=FIN  \\$aY$d20111206
=FMT  \\$a  SE
=LAS  \\$a10806$b40$c20230731$lBLL01$h1351
=LKR  \\$aPAR$b009221786$lBLL01$r776$mReview of religious research$nReview of religious research.
=MNI  \\$a0034-673X
=SID  \\$aZ39$bOCLC
=TCO  \\$aTRS$bCCC$c008
=TOC  \\$aETOC
=UNO  \\$aY

