=LDR  04005 as a2200901 a 4500
=001  016045861
=003  Uk
=005  20141118154054.0
=007  ta
=008  120307d20102013fr\br\p\\\\\\\0\\\b0mul\\
=022  0\$a0035-1563
=040  \\$aUk$beng$cUk$dUk
=041  0\$aeng$afre
=042  \\$aukblsr
=082  04$a669.05$223
=130  0\$aRevue de métallurgie (2010)
=222  \0$aRevue de métallurgie$bImprimé
=245  10$aRevue de métallurgie :$ban international journal for steel and other metals - from making to using.
=246  13$aInternational journal of metallurgy
=260  \\$aLes Ulis :$bEDP Sciences,$c2010-2013.
=300  \\$a4 volumes :$bill. ;$c28 cm.
=310  \\$aBimonthly,$b2012-2013
=321  \\$aEight issues yearly,$b2010-2011
=336  \\$atext$2rdacontent
=337  \\$aunmediated$2rdamedia
=338  \\$avolume$2rdacarrier
=362  0\$a-volume 110, no. 6 (2013).
=362  1\$aBegan with vol. 107, issue 1 (Jan. 2010).
=530  \\$aAlso issued online.
=540  \\$aCurrent Copyright Fee: GBP33.00$c0$5Uk
=546  \\$aText in English or French with abstracts in parallel English and French.
=588  \\$aDescription based on: vol. 108, no. 7/8 (2011).
=595  \\$aSRIS SHARED STOCK
=650  \0$aMetallurgy$vPeriodicals.
=650  \0$aIron$xMetallurgy$vPeriodicals.
=650  \0$aSteel$xMetallurgy$vPeriodicals.
=776  08$aOnline version:$tRevue de métallurgie (2010)$x1156-3141
=780  00$tRevue de métallurgie (Paris). Cahiers d'informations
=785  00$tMetallurgical research & technology$x2271-3646
=852  41$aBritish Library$bHMNTS$jDZK.9.x.824$3Vol. 110, no. 1 (2013)-v. 110, no. 6 (2013)***Title now taken as electronic copy
=852  11$aBritish Library$bSTI$k(P)$h669.05$m-E(1)$3A. 107, no. 1 (2010)-
=852  41$aBritish Library$bDSC$j7932.940000$3Annee 108, no 5 (2011)***UKRR Retained Title
=945  \\$aRevue de metallurgie -EDP Sciences-
=959  \\$fHeld but not currently received
=985  \\$aISSN Uk Centre note: ISSN title changes do not match BL collection records. (ISSN under responsibility of ISSN France).
=ACF  \\$aPrevious copyright fee: GBP12.00$c0$e15-mar-2012$fGBP12.00$g0$hA$5Uk
=ACF  \\$aPrevious Copyright Fee: GBP33.00$c0$e01-oct-2012$fGBP33.00$g0$hC$5Uk
=ACF  \\$aPrevious Copyright Fee: GBP33.00$c0$e01-jul-2012$fGBP33.00$g0$hC$5Uk
=ACF  \\$aPrevious copyright fee: GBP33.00$c43\0$e30-oct-2013$fGBP33.00$g0$hP$5Uk
=CAT  \\$a11315$b40$c20120307$lBLL01$h1049
=CAT  \\$a11315$b40$c20120307$lBLL01$h1055
=CAT  \\$a11315$b40$c20120307$lBLL01$h1121
=CAT  \\$a12500$b40$c20120315$lBLL01$h1715
=CAT  \\$aBATCH-CLA$b00$c20120531$lBLL01$h1726
=CAT  \\$aIPL-CLA$c20120629$lBLL01$h1042
=CAT  \\$aBATCH-CLA$b00$c20120831$lBLL01$h1555
=CAT  \\$aIPL-CLA$c20120930$lBLL01$h2138
=CAT  \\$aBATCH-CLA$b00$c20121110$lBLL01$h0941
=CAT  \\$a5552$b40$c20131030$lBLL01$h1148
=CAT  \\$a11316$b40$c20140122$lBLL01$h0858
=CAT  \\$a11316$b40$c20140122$lBLL01$h0931
=CAT  \\$a6558$b40$c20140305$lBLL01$h1715
=CAT  \\$a10806$b40$c20140509$lBLL01$h0831
=CAT  \\$a8439$b40$c20140617$lBLL01$h1400
=CAT  \\$a8439$b40$c20140617$lBLL01$h1402
=CAT  \\$a5552$b40$c20141118$lBLL01$h1540
=CAT  \\$aBLDSS-3PM$b00$c20141208$lBLL01$h1628
=CAT  \\$aIPL-CLA$c20141231$lBLL01$h1703
=CAT  \\$aBATCH-CLA$b00$c20150227$lBLL01$h1631
=CAT  \\$aIPL-CLA$c20150331$lBLL01$h1718
=CAT  \\$aDEL-3PM$c20150618$lBLL01$h1607
=CFI  0\$aCurrent Copyright Fee: GBP33.00$c0$e01-apr-2015$fGBP33.00$g0$hC$5Uk
=CFI  2\$aPrevious Copyright Fee: GBP12.30$c0$e01-jan-2015$fGBP12.30$g0$hA$5Uk
=FIN  \\$aY$d20120307
=FMT  \\$a  SE
=LAS  \\$aDEL-3PM$b00$c20150618$lBLL01$h1607
=LKR  \\$aPAR$b009225132$lBLL01$r78000$mRevue de métallurgie : an international journal for steel and other metals - from making to using.$nRevue de métallurgie.
=TOC  \\$aETOC

