=LDR  04192cas a2200937 i 4500
=001  016134102
=003  Uk
=005  20221231145133.0
=006  m\\\\\\\\d\|\\\\\\
=007  cr||||||||||||
=008  120730c20139999enktr\p\o\\\\\0\\\a0eng\\
=015  \\$aGBB611997$2bnb
=022  0\$a2050-8859
=037  \\$aISSN_20508840_21$bPortico$nTaylor & Francis
=040  \\$aUk$beng$cUk$dUk$erda
=042  \\$aukblsr
=082  04$a340.1$223
=222  \4$aThe theory and practice of legislation$b(Online)
=245  04$aThe theory and practice of legislation.
=260  \\$aOxford :$bHart Publishing,$c[2013]-
=264  31$aAbingdon :$bRoutledge, Taylor & Francis Group
=310  \\$aThree issues yearly
=336  \\$atext$2rdacontent
=337  \\$acomputer$2rdamedia
=338  \\$aonline resource$2rdacarrier
=540  \\$aCurrent copyright fee: GBP37.00$c2\0$5Uk
=588  \\$aDescription based on print version record.
=588  \\$aLatest issue consulted: Volume 3, issue 2 (2015) (Taylor & Francis Online, viewed January 25, 2016).
=650  \0$aLegislation$vPeriodicals.
=776  08$iAlso issued in print as:$tTheory and practice of legislation$x2050-8840
=780  00$tLegisprudence (Online)$x1752-1475
=852  41$aBritish Library$bHMNTS$jELD Digital store$3Volume 4:Number 1(2016)-
=856  \\$31850-9999$uhttp://www.tandfonline.com/$xBLDSS
=856  40$uhttp://www.hartjournals.co.uk/tpl/$zLink no longer valid
=856  40$uhttp://www.tandfonline.com/toc/rtpl20/current#.VZaDO1LbJ0M
=859  \\$aELD$bejournal
=945  \\$aTheory and practice of legislation.
=979  \\$aBritish Library$bDSC$j8814.628435N
=985  \\$aISSN note: responsibility for ISSN transferred from UK to US, at request of US ISSN Center under multinational publisher agreement. 03.07.15.
=ACF  \\$aPrevious copyright fee: GBP26.00$c2\0$e14-mar-2016$fGBP26.00$g0$hP$5Uk
=ACF  \\$aPrevious copyright fee: GBP28.00$c2\0$e01-jan-2017$fGBP28.00$g0$hP$5Uk
=ACF  \\$aPrevious copyright fee: GBP30.00$c2\0$e01-jan-2018$fGBP30.00$g0$hP$5Uk
=ACF  \\$aPrevious copyright fee: GBP32.00$c2\0$e01-jan-2019$fGBP32.00$g0$hP$5Uk
=ACF  \\$aPrevious copyright fee: GBP34.00$c2\0$e01-jan-2020$fGBP34.00$g0$hP$5Uk
=CAT  \\$a10973$b40$c20120730$lBLL01$h1043
=CAT  \\$a5997$b40$c20130829$lBLL01$h0753
=CAT  \\$a11315$b40$c20150703$lBLL01$h1352
=CAT  \\$a11315$b40$c20150703$lBLL01$h1426
=CAT  \\$a14448$b40$c20151211$lBLL01$h0918
=CAT  \\$a14448$b40$c20160120$lBLL01$h1200
=CAT  \\$a10973$b40$c20160125$lBLL01$h0855
=CAT  \\$a5552$b40$c20160314$lBLL01$h1229
=CAT  \\$aBLDSS-3PM$b00$c20160322$lBLL01$h1621
=CAT  \\$aBATCH-UPD$b00$c20160413$lBLL01$h1826
=CAT  \\$aBATCH-UPD$b00$c20160724$lBLL01$h2335
=CAT  \\$aBATCH-UPD$b00$c20161122$lBLL01$h1515
=CAT  \\$aIPL-CLA$c20161231$lBLL01$h0005
=CAT  \\$a5552$b40$c20170124$lBLL01$h1141
=CAT  \\$a5410$b40$c20170223$lBLL01$h1555
=CAT  \\$aBATCH-UPD$b40$c20171121$lBLL01$h1650
=CAT  \\$aW1711-1005$c20171206$lBLL01$h1824
=CAT  \\$aIPL-CLA$c20171231$lBLL01$h1814
=CAT  \\$aBATCH-UPD$b00$c20181217$lBLL01$h1640
=CAT  \\$aIPL-CLA$c20181231$lBLL01$h1552
=CAT  \\$aBATCH-UPD$b00$c20191122$lBLL01$h1902
=CAT  \\$aIPL-CLA$c20191231$lBLL01$h2032
=CAT  \\$aBATCH-UPD$b00$c20201118$lBLL01$h1336
=CAT  \\$aIPL-CLA$c20201231$lBLL01$h1532
=CAT  \\$aBATCH-UPD$b00$c20221121$lBLL01$h1349
=CAT  \\$aIPL-CLA$c20221231$lBLL01$h1451
=CFI  0\$aCurrent copyright fee: GBP37.00$c2\0$e01-jan-2023$fGBP37.00$g0$hP$5Uk
=CFI  2\$aPrevious copyright fee: GBP35.00$c2\0$e01-jan-2021$fGBP35.00$g0$hP$5Uk
=FFP  \\$aY$bBLDSS-3PM
=FIN  \\$aY$d20130829
=FMT  \\$a  SE
=LAS  \\$aIPL-CLA$b00$c20221231$lBLL01$h1451
=LET  \4$aThe theory and practice of legislation (Electronic)
=LKR  \\$aPAR$b013528325$lBLL01$r78000$mThe theory and practice of legislation (Online)$nLegisprudence (Online)
=LKR  \\$aPAR$b016134101$lBLL01$r776$mThe theory and practice of legislation (Online)$nThe theory and practice of legislation (Print)
=MNI  \\$a2050-8840
=TOC  \\$aETOC

