=LDR  04530cas a2200985 i 4500
=001  016134643
=003  Uk
=005  20221231145133.0
=006  m\\\\\\\\d\|\\\\\\
=007  cr||||||||||||
=008  120731c20139999enkfr\p\o\\\\\0\\\a0eng\\
=015  \\$aGBB348240$2bnb
=022  0\$a2050-8999
=037  3\$aISSN_0737769X_21$bPortico$nTaylor & Francis
=037  \\$aISSN_0737769X$bPortico$nManey Publishing
=040  \\$aUk$beng$cUk$erda
=042  \\$aukblsr
=082  04$a299.51$223
=222  \0$aJournal of Chinese religions$b(Online)
=245  00$aJournal of Chinese religions.
=264  \1$aLeeds :$bManey Publishing
=264  31$a[Abingdon?] :$bRoutledge, Taylor & Francis Group
=310  \\$aSemi-annual
=336  \\$atext$2rdacontent
=337  \\$acomputer$2rdamedia
=338  \\$aonline resource$2rdacarrier
=362  1\$aPrint began with: No. 10 (fall 1982).
=540  \\$aCurrent Copyright Fee: GBP25.00$c0$5Uk
=588  \\$aDescription based on: volume 8 (1980); title from journal home page (publisher's Web site, viewed May 16, 2013).
=588  \\$aLatest issue consulted: volume 44, issue 1 (2016) (Taylor & Francis Online, viewed August 16, 2016).
=651  \0$aChina$xReligion$vPeriodicals.
=710  2\$aSociety for the Study of Chinese Religions (U.S.),$eissuing body.
=776  08$iAlso issued in print as:$tJournal of Chinese religions$x0737-769X
=780  00$tBulletin (Society for the Study of Chinese Religions (U.S.))
=780  05$tTaoist resources$g1998
=852  41$aBritish Library$bHMNTS$jELD Digital store$3Volume 41:Number 1(2013)-Volume 46:Number 2(2018)
=856  \\$31850-9999$uhttp://maneypublishing.com/$xBLDSS
=856  40$uhttp://www.tandfonline.com/toc/yjch20/current
=856  40$uhttp://www.ingentaconnect.com/content/maney/jcr
=859  \\$aELD$bejournal
=945  \\$aJournal of Chinese religions
=979  \\$aBritish Library$bDSC$j4958.145000N
=985  \\$aISSN UK Centre: responsibility transferred to US Center 6.2.19 (T&F multinational publisher).
=985  \\$aISSN UK Centre note: For information - from 2019 will be published by John Hopkins University Press, in Baltimore, MD (https://www.press.jhu.edu/journals/journal-chinese-religions )
=ACF  \\$aPrevious copyright fee: GBP25.00$c47\0$e08-jan-2013$fGBP25.00$g0$hP$5Uk
=ACF  \\$aPrevious copyright fee: GBP32.00$c47\0$e14-jan-2019$fGBP32.00$g0$hP$5Uk
=ACF  \\$aPrevious copyright fee: GBP28.00$c47\0$e01-jan-2017$fGBP28.00$g0$hP$5Uk
=ACF  \\$aPrevious copyright fee: GBP26.00$c47\0$e01-jan-2016$fGBP26.00$g0$hP$5Uk
=ACF  \\$aPrevious Copyright Fee: GBP17.50$c0$e11-feb-2019$fGBP17.50$g0$hA$5Uk
=ACF  \\$aPrevious Copyright Fee: GBP20.00$c0$e01-jan-2020$fGBP20.00$g0$hA$5Uk
=CAT  \\$a11313$b40$c20120731$lBLL01$h0950
=CAT  \\$aBATCH-PORT$c20130829$lBLL01$h1114
=CAT  \\$aWR14_009$c20140204$lBLL01$h2349
=CAT  \\$aBLDSS-3PM$b00$c20141208$lBLL01$h1628
=CAT  \\$a8411$b40$c20151117$lBLL01$h1206
=CAT  \\$aBATCH-UPD$b40$c20151119$lBLL01$h1603
=CAT  \\$aIPL-CLA$c20151231$lBLL01$h1934
=CAT  \\$a14448$b40$c20160205$lBLL01$h1132
=CAT  \\$aBATCH-UPD$b40$c20160413$lBLL01$h1826
=CAT  \\$a11433$b40$c20160415$lBLL01$h1724
=CAT  \\$aBATCH-UPD$b40$c20160804$lBLL01$h0019
=CAT  \\$a8483$b40$c20160816$lBLL01$h1135
=CAT  \\$aBATCH-UPD$b40$c20161122$lBLL01$h1543
=CAT  \\$aIPL-CLA$c20161231$lBLL01$h0005
=CAT  \\$aW1711-1005$c20171206$lBLL01$h1824
=CAT  \\$a5552$b40$c20190114$lBLL01$h1116
=CAT  \\$a10973$b40$c20190206$lBLL01$h1728
=CAT  \\$a10973$b40$c20190206$lBLL01$h1730
=CAT  \\$a5552$b40$c20190211$lBLL01$h1436
=CAT  \\$aBATCH-CLA$b00$c20191219$lBLL01$h1758
=CAT  \\$aIPL-CLA$c20191231$lBLL01$h2032
=CAT  \\$aR2001-1524$c20200127$lBLL01$h2057
=CAT  \\$aBATCH-CLA$b00$c20201204$lBLL01$h1609
=CAT  \\$aIPL-CLA$c20201231$lBLL01$h1532
=CAT  \\$aBATCH-CLA$b00$c20221221$lBLL01$h1925
=CAT  \\$aIPL-CLA$c20221231$lBLL01$h1451
=CFI  0\$aCurrent Copyright Fee: GBP25.00$c0$e01-jan-2023$fGBP25.00$g0$hA$5Uk
=CFI  2\$aPrevious Copyright Fee: GBP22.50$c0$e01-jan-2021$fGBP22.50$g0$hA$5Uk
=FIN  \\$aY$d20130516
=FMT  \\$a  SE
=LAS  \\$aIPL-CLA$b00$c20221231$lBLL01$h1451
=LET  \0$aJournal of Chinese religions (Electronic)
=LKR  \\$aPAR$b010488557$lBLL01$nJournal of Chinese religions (Print)$mJournal of Chinese religions (Online)$r776
=MNI  \\$a0737-769X
=TOC  \\$aETOC

