=LDR  01734aas a2200469 a 4500
=001  016192750
=003  Uk
=005  20190823095749.0
=007  ta
=008  121017c20129999enkfr\p\\\\\\\0\\\a0eng\\
=015  \\$aGBB2B3684$2bnb
=022  0\$a2241-0384
=040  \\$aUk$beng$cUk
=042  \\$aukblsr
=082  04$a330.01519505$223
=222  \0$aJournal of statistical and econometric methods$b(Print)
=245  00$aJournal of statistical and econometric methods.
=260  \\$aBushey Heath :$bScienpress,$c[2012]-
=264  31$aLondon :$bScienpress Ltd
=300  \\$av. :$bill. ;$c25 cm.
=310  \\$aSemiannual
=336  \\$atext$2rdacontent
=337  \\$aunmediated$2rdamedia
=338  \\$avolume$2rdacarrier
=362  1\$aBegan with vol. 1, no. 1 (2012).
=588  \\$aDescription based on: Vol. 1, no. 2 (2012).
=650  \0$aEconometrics$vPeriodicals.
=650  \0$aStatistics$vPeriodicals.
=690  7\$aManagement and Business Studies$2blcoll
=776  0\$tJournal of statistical and econometric methods$x2241-0376
=852  41$aBritish Library$bHMNTS$jZK.9.a.13571$3Vol. 1, issue 2 (2012)-v. 8, issue 2(2019)
=985  \\$aISSN responsibility taken by ISSN UK from ISSN Greece, 17.10.2012
=985  \\$aISSN responsibility transfer from UK to NZ pending - see online record for details (Richard, 23/08/19)
=CAT  \\$a11313$b40$c20121017$lBLL01$h1411
=CAT  \\$a5997$b40$c20121112$lBLL01$h1400
=CAT  \\$aBATCH-MBS$c20130111$lBLL01$h2110
=CAT  \\$a11313$b40$c20150729$lBLL01$h1259
=CAT  \\$a10806$b40$c20190823$lBLL01$h0957
=FIN  \\$aY$d20121017
=FMT  \\$a  SE
=LAS  \\$a10806$b40$c20190823$lBLL01$h0957
=LET  \0$aJournal of statistical and econometric methods (Print)

