=LDR  01813aas a2200505 a 4500
=001  016192994
=003  Uk
=005  20190823093114.0
=007  ta
=008  121018c20119999enkfr\p\\\\\\\0\\\a0eng\\
=015  \\$aGBB2B6157$2bnb
=022  0\$a1792-6580
=040  \\$aUk$beng$cUk
=042  \\$aukblsr
=082  04$a332.05$223
=222  \0$aJournal of applied finance and banking
=245  00$aJournal of applied finance & banking.
=246  3\$aJournal of applied finance and banking
=260  \\$aLondon :$bInternational Scientific Press
=260  2\$32012-$aBushey Heath :$bScienpress
=264  31$aLondon :$bScienpress Ltd
=300  \\$av. ;$c24 cm.
=310  \\$aSemiannual
=336  \\$atext$2rdacontent
=337  \\$aunmediated$2rdamedia
=338  \\$avolume$2rdacarrier
=588  \\$aDescription based on: Vol. 2, issue 4 (2012).
=650  \0$aFinance$vPeriodicals.
=650  \0$aBanks and banking$vPeriodicals.
=690  7\$aManagement and Business Studies$2blcoll
=776  0\$tJournal of applied finance and banking$c(Online)$x1792-6599
=852  41$aBritish Library$bHMNTS$jZK.9.a.13570$3Vol. 2, issue 4(2012)-v. 9, no. 4 (2019)
=985  \\$aISSN responsibility taken by ISSN UK from ISSN Greece, 18.10.2012
=985  \\$aISSN responsibility transfer from UK to NZ pending (Richard, 23/08/19)
=CAT  \\$a11313$b40$c20121018$lBLL01$h0746
=CAT  \\$a5997$b40$c20121119$lBLL01$h1049
=CAT  \\$aBATCH-MBS$c20130111$lBLL01$h2110
=CAT  \\$a11313$b40$c20150729$lBLL01$h1301
=CAT  \\$a11313$b40$c20150729$lBLL01$h1302
=CAT  \\$a10806$b40$c20190823$lBLL01$h0930
=CAT  \\$a10806$b40$c20190823$lBLL01$h0931
=FIN  \\$aY$d20121018
=FMT  \\$a  SE
=LAS  \\$a10806$b40$c20190823$lBLL01$h0931
=LET  \0$aJournal of applied finance & banking (Print)

