=LDR  01689aas a2200457 a 4500
=001  016193001
=003  Uk
=005  20190823095353.0
=007  ta
=008  121018c20129999enkfr\p\\\\\\\0\\\a0eng\\
=015  \\$aGBB2B6163$2bnb
=022  0\$a2241-0988
=040  \\$aUk$beng$cUk
=042  \\$aukblsr
=082  04$a332.605$223
=222  \0$aJournal of finance and investment analysis$b(Print)
=245  00$aJournal of finance & investment analysis.
=246  3\$aJournal of finance and investment analysis
=260  \\$aAthens :$bInternational Scientific Press
=260  3\$32012-$aBushey Heath :$bScienpress
=300  \\$av. :$bill. ;$c24 cm.
=310  \\$aSemiannual
=336  \\$atext$2rdacontent
=337  \\$aunmediated$2rdamedia
=338  \\$avolume$2rdacarrier
=588  \\$aDescription based on: Vol. 1, issue 3 (2012).
=650  \0$aFinance$vPeriodicals.
=650  \0$aInvestment analysis$vPeriodicals.
=690  7\$aManagement and Business Studies$2blcoll
=776  0\$tJournal of finance and investment analysis$c(Online)$x2241-0996
=852  41$aBritish Library$bHMNTS$jZK.9.a.13569$3Vol. 1. issue 1(2012)-v. 8(2019)
=985  \\$aISSN responsibility taken by ISSN UK from ISSN Greece, 18.10.2012
=985  \\$aISSN responsibility transfer from UK to NZ pending - see online record for details (Richard, 23/08/19)
=CAT  \\$a11313$b40$c20121018$lBLL01$h0759
=CAT  \\$a5997$b40$c20121119$lBLL01$h1103
=CAT  \\$aBATCH-MBS$c20130111$lBLL01$h2110
=CAT  \\$a10806$b40$c20190823$lBLL01$h0953
=FIN  \\$aY$d20121018
=FMT  \\$a  SE
=LAS  \\$a10806$b40$c20190823$lBLL01$h0953
=LET  \0$aJournal of finance & investment analysis (Print)

