=LDR  01842 as a2200481 a 4500
=001  016193035
=003  Uk
=005  20190823104133.0
=007  ta
=008  121018c20119999enkfr\p\\\\\\\0\\\a0eng\\
=015  \\$aGBB2B5773$2bnb
=022  0\$a1792-7544
=040  \\$aUk$beng$cUk$dUk
=042  \\$aukblsr
=082  04$a330$223
=222  \0$aAdvances in management and applied economics
=245  00$aAdvances in management and applied economics.
=246  3\$aAdvances in management & applied economics
=260  \\$aAthens :$bInternational Scientific Press
=260  3\$32012-$aBushey Heath :$bScienpress
=300  \\$av. ;$c24 cm.
=310  \\$aSemi-annual
=336  \\$atext$2rdacontent
=337  \\$aunmediated$2rdamedia
=338  \\$avolume$2rdacarrier
=362  1\$aBegan with Vol. 1, no. 1 (June 2011).
=588  \\$aDescription based on: Vol. 2, issue 3 (2012).
=650  \0$aEconomics$vPeriodicals.
=650  \0$aManagement$vPeriodicals.
=690  7\$aManagement and Business Studies$2blcoll
=776  0\$tAdvances in management and applied economics$c(Online)$x1792-7552
=852  41$aBritish Library$bHMNTS$jSPIS Journals Display$3Vol. 1, Issue 1, (2011)-v. 9, issue 4 (2019)***Last 12 months only
=852  41$aBritish Library$bHMNTS$jZK.9.a.13910$3Earlier issues
=985  \\$aISSN responsibility taken by ISSN UK from ISSN Greece, 18.10.2012
=985  \\$aISSN responsibility transfer from UK to NZ pending - see online record for details (Richard, 23/08/19)
=CAT  \\$a11313$b40$c20121018$lBLL01$h0907
=CAT  \\$a5110$b40$c20121114$lBLL01$h1136
=CAT  \\$aBATCH-MBS$c20130927$lBLL01$h2133
=CAT  \\$a10806$b40$c20190823$lBLL01$h1041
=FIN  \\$aY$d20121018
=FMT  \\$a  SE
=LAS  \\$a10806$b40$c20190823$lBLL01$h1041
=LET  \0$aAdvances in management & applied economics (Print)

