=LDR  01667 as a2200445 a 4500
=001  016194261
=003  Uk
=005  20200701081236.0
=007  ta
=008  121022c20129999enkfr\p\\\\\\\0\\\a0eng\\
=015  \\$aGBB3A4734$2bnb
=022  0\$a2051-5057
=040  \\$aUk$beng$cUk$erda
=042  \\$aukblsr
=082  04$a362.10723$223
=222  \0$aInternational journal of health research and innovation$b(Print)
=245  00$aInternational journal of health research and innovation.
=264  \1$aBushey Heath:$bScienpress Ltd,$c2012-
=300  \\$billustrations (black and white) ;$c24 cm
=310  \\$aSemiannual
=336  \\$atext$2rdacontent
=337  \\$aunmediated$2rdamedia
=338  \\$avolume$2rdacarrier
=362  0\$aVolume 1, issue 1 (2012)-
=650  \0$aHealth$xResearch$vPeriodicals.
=650  \0$aHealth$xPlanning$vPeriodicals.
=690  7\$aSocial Welfare$2blcoll
=776  08$iAlso issued online as:$tInternational journal of health research and innovation.$x2051-5065
=852  41$aBritish Library$bHMNTS$jZC.9.a.9210$3Volume 1, Number 1 (2012)-v. 5, issue 2 (2017)
=985  \\$aISSN responsibility passed to ISSN New Zealand (01/07/20) - see online record for new publisher.
=CAT  \\$a10973$b40$c20121022$lBLL01$h1204
=CAT  \\$a11313$b40$c20131031$lBLL01$h1137
=CAT  \\$a11313$b40$c20131031$lBLL01$h1139
=CAT  \\$a5110$b40$c20131114$lBLL01$h1042
=CAT  \\$aBATCH-SWP$c20140207$lBLL01$h2344
=CAT  \\$a10806$b40$c20200701$lBLL01$h0812
=FIN  \\$aY$d20131031
=FMT  \\$a  SE
=LAS  \\$a10806$b40$c20200701$lBLL01$h0812
=LET  \0$aInternational journal of health research and innovation (Print)

