=LDR  02645cas a2200613 i 4500
=001  016228625
=003  Uk
=005  20220111103629.0
=007  ta
=008  121211d20132015enkmx\p\\\\\\\0\\\a0eng\\
=015  \\$aGBB467044$2bnb
=022  0\$a2051-8439
=040  \\$aUk$beng$cUk$erda
=042  \\$aukblsr
=082  04$a658.15224$223
=222  \0$aPrivate debt investor$b(Print)
=245  00$aPrivate debt investor :$bfor the world's alternative asset classes.
=264  \1$aNew York ;$aLondon :$bPEI Media,$c[2013]-
=300  \\$billustrations (colour) ;$c27 cm
=310  \\$aTen issues yearly
=336  \\$atext$2rdacontent
=337  \\$aunmediated$2rdamedia
=338  \\$avolume$2rdacarrier
=540  \\$aBritish Library not licensed to copy$c0$5Uk
=588  \\$aDescription based on: issue 5 (July/August 2013).
=588  \\$aLatest issue consulted: issue 13 (May 2014).
=650  \0$aDebt$vPeriodicals.
=650  \0$aCorporations$xFinance$vPeriodicals.
=690  7\$aManagement and Business Studies$2blcoll
=776  08$iAlso issued online as:$tPrivate debt investor$x2051-8447
=852  11$aBritish Library$bSTI$k(P)$h658.15224$m-E(2) Business$3Issue 2 (Apr. 2013)-issue 27 (Oct. 2015)
=985  \\$aISSN UK Centre note: Responsibility transferred to US Center ahead of completion 2.7.14 as first listed publishing office if in New York. Responsibility for online version (ISSN 2051-8447) remains with UK centre as London address listed first on website.
=ACF  \\$aPrevious Copyright Fee: GBP12.30$c0$e01-apr-2015$fGBP12.30$g0$hC$5Uk
=ACF  \\$aPrevious Copyright Fee: GBP15.00$c0$e01-jan-2017$fGBP15.00$g0$hC$5Uk
=CAT  \\$a10973$b40$c20121211$lBLL01$h0919
=CAT  \\$a10973$b40$c20140702$lBLL01$h1338
=CAT  \\$a10973$b40$c20140703$lBLL01$h1415
=CAT  \\$a10973$b40$c20140703$lBLL01$h1416
=CAT  \\$aBATCH-MBS$c20140906$lBLL01$h1123
=CAT  \\$aBATCH-CLA$b00$c20150227$lBLL01$h1630
=CAT  \\$aIPL-CLA$c20150331$lBLL01$h1721
=CAT  \\$aBATCH-CLA$b00$c20161130$lBLL01$h1639
=CAT  \\$aIPL-CLA$c20161231$lBLL01$h0008
=CAT  \\$aBATCH-CLA$b00$c20171130$lBLL01$h1706
=CAT  \\$aIPL-CLA$c20171231$lBLL01$h1816
=CAT  \\$aBATCH-CLA$b00$c20181130$lBLL01$h1605
=CAT  \\$aIPL-CLA$c20181231$lBLL01$h1552
=CAT  \\$a7764$b40$c20220111$lBLL01$h1036
=CFI  0\$aBritish Library not licensed to copy$c0$e01-jan-2019$hC$iCFP Excluded$5Uk
=CFI  2\$aPrevious Copyright Fee: GBP17.50$c0$e01-jan-2018$fGBP17.50$g0$hC$5Uk
=FIN  \\$aY$d20140703
=FMT  \\$a  SE
=LAS  \\$a7764$b40$c20220111$lBLL01$h1036
=LET  \0$aPrivate debt investor (Print)

