=LDR  05429cas a2201129 a 4500
=001  016313047
=003  Uk
=005  20230407145109.0
=006  m\\\\\o\\d\\\\\\\\
=007  cr\un|||||||||
=008  050614c19789999enkfr\pso\\\\\0\\\a0eng\d
=015  \\$aGBB5H2909$2bnb
=022  \\$a1600-0803$l0106-2301$y0106-2301
=035  \\$a(OCoLC)60627473
=037  \\$aISSN_01062301_21$bPortico$nTaylor & Francis
=040  \\$aOCLCS$beng$cOCLCS$dOCLCQ$dCS1$dUk
=042  \\$aukblsr
=043  \\$aev-----
=050  \4$aRC500$b.S35
=060  \4$aW1$bSC154N
=082  04$a150.19505$223
=130  0\$aScandinavian psychoanalytic review (Online)
=222  \4$aThe Scandinavian psychoanalytic review$b(Online)
=245  14$aThe Scandinavian psychoanalytic review$h[electronic resource].
=260  \\$a[Oslo] :$bUniversitetsforlaget ;$a[Irvington-on-Hudson, N.Y. :$bDistribution :$bColumbia University Press]
=264  31$a[Abingdon] :$bRoutledge, Talyor & Francis Group
=310  \\$aSemiannual
=336  \\$atext$2rdacontent
=337  \\$acomputer$2rdamedia
=338  \\$aonline resource$2rdacarrier
=362  1\$aPrint began with v. 1 in 1978.
=540  \\$aCurrent copyright fee: GBP37.00$c2\0$5Uk
=550  \\$aPublished under the auspices of the Psychoanalytic Societies of Denmark, Finland, Norway & Sweden (component Societies of the International Psychoanalytical Association).
=588  \\$aDescription based on print version record.
=588  \\$aLatest issue consulted: volume 35, issue 2 (2012) (Taylor & Francis Online, viewed June 12, 2013).
=650  \0$aPsychoanalysis$vPeriodicals.
=650  \0$aPsychoanalysis$zScandinavia$vPeriodicals.
=650  \2$aPsychoanalysis$vPeriodicals.
=776  08$iAlso issued in print as:$tScandinavian psychoanalytic review$x0106-2301
=852  41$aBritish Library$bSTI$jELD Digital store$3Volume 39:Issue 1(2016)-***Previous issues available in print copy
=852  \\$aBritish Library$bDSC$j8087.572800$3Volume 34:Issue 1(2011)-Volume 40:Issue 2(2017)***See ESTAR for full holdings.
=856  \\$31850-9999$uhttp://www.tandfonline.com/$xBLDSS
=856  40$uhttp://search.ebscohost.com/direct.asp?db=aph&jid=8EE&scope=site
=856  4\$uhttp://www.blackwellpublishing.com/journal.asp?ref=0106-2301&site=1$zLink no longer valid
=856  40$uhttp://www.tandfonline.com/toc/rspr20/current
=859  \\$aELD$bejournal
=945  \\$aScandinavian psychoanalytic review.
=959  \\$fHeld but not currently received
=979  \\$aBritish Library$bDSC$j8087.572800
=985  \\$aISSN UK Centre note: ISSN assigned by ISSN Denmark, transferred to ISSN UK responsibility in June 2003 but no record created by ISSN UK Centre. From 2004, published by University Press of Southern Denmark. ISSN responsibility taken back by ISSN Denmark 11 Jan. 2008.
=ACF  \\$aPrevious copyright fee: GBP23.50$c2\0$e04-apr-2013$fGBP23.50$g0$hP$5Uk
=ACF  \\$aPrevious copyright fee: GBP24.00$c2\0$e01-jan-2014$fGBP24.00$g0$hP$5Uk
=ACF  \\$aPrevious copyright fee: GBP25.00$c2\0$e01-jan-2015$fGBP25.00$g0$hP$5Uk
=ACF  \\$aPrevious copyright fee: GBP26.00$c2\0$e01-jan-2016$fGBP26.00$g0$hP$5Uk
=ACF  \\$aPrevious copyright fee: GBP28.00$c2\0$e01-jan-2017$fGBP28.00$g0$hP$5Uk
=ACF  \\$aPrevious copyright fee: GBP30.00$c2\0$e01-jan-2018$fGBP30.00$g0$hP$5Uk
=ACF  \\$aPrevious copyright fee: GBP32.00$c2\0$e01-jan-2019$fGBP32.00$g0$hP$5Uk
=ACF  \\$aPrevious copyright fee: GBP34.00$c2\0$e01-jan-2020$fGBP34.00$g0$hP$5Uk
=CAT  \\$a12654$b40$c20130405$lBLL01$h1200
=CAT  \\$aIPL-CLA$c20140101$lBLL01$h0210
=CAT  \\$aBATCH-UPD$b00$c20141124$lBLL01$h1805
=CAT  \\$aBLDSS-3PM$b00$c20141130$lBLL01$h1251
=CAT  \\$aIPL-CLA$c20141231$lBLL01$h1704
=CAT  \\$aBATCH-UPD$b00$c20151119$lBLL01$h1546
=CAT  \\$a11316$b40$c20151208$lBLL01$h1552
=CAT  \\$a6790$b40$c20151217$lBLL01$h1139
=CAT  \\$aIPL-CLA$c20151231$lBLL01$h1935
=CAT  \\$a14448$b40$c20160201$lBLL01$h0725
=CAT  \\$aBATCH-UPD$b40$c20160829$lBLL01$h0433
=CAT  \\$aBATCH-UPD$b40$c20161122$lBLL01$h1515
=CAT  \\$aIPL-CLA$c20161231$lBLL01$h0010
=CAT  \\$aBATCH-UPD$b00$c20171121$lBLL01$h1650
=CAT  \\$aW1711-1005$c20171206$lBLL01$h1825
=CAT  \\$aIPL-CLA$c20171231$lBLL01$h1818
=CAT  \\$aBATCH-UPD$b00$c20181217$lBLL01$h1640
=CAT  \\$aIPL-CLA$c20181231$lBLL01$h1552
=CAT  \\$aW1811-111$c20190203$lBLL01$h0956
=CAT  \\$aBATCH-UPD$b00$c20191122$lBLL01$h1902
=CAT  \\$aIPL-CLA$c20191231$lBLL01$h2034
=CAT  \\$aBATCH-UPD$b00$c20201118$lBLL01$h1336
=CAT  \\$aIPL-CLA$c20201231$lBLL01$h1532
=CAT  \\$aBATCH-UPD$b00$c20221121$lBLL01$h1349
=CAT  \\$aIPL-CLA$c20221231$lBLL01$h1451
=CAT  \\$a5410$b40$c20230407$lBLL01$h1451
=CFI  0\$aCurrent copyright fee: GBP37.00$c2\0$e01-jan-2023$fGBP37.00$g0$hP$5Uk
=CFI  2\$aPrevious copyright fee: GBP35.00$c2\0$e01-jan-2021$fGBP35.00$g0$hP$5Uk
=EST  \\$a1
=FFP  \\$aY$bBLDSS-3PM
=FIN  \\$aY$d20130612
=FMT  \\$a  SE
=LAS  \\$a5410$b40$c20230407$lBLL01$h1451
=LET  \4$aThe Scandinavian psychoanalytic review (Electronic)
=LKR  \\$aPAR$b009866370$lBLL01$nThe Scandinavian psychoanalytic review (Print)$mThe Scandinavian psychoanalytic review (Online)$r776
=MNI  \\$a0106-2301
=SID  \\$aZ39$bOCLC
=TCO  \\$aXXX$c008
=TOC  \\$aETOC

