=LDR  04835cas a2201021 i 4500
=001  016323936
=003  Uk
=005  20230930081027.0
=006  m\\\\\|\\d\|\\\\\\
=007  cr\|||||||||||
=008  130422c19929999xxufr\p\o\\\\\0\\\a0eng\\
=015  \\$aGBB349433$2bnb
=022  \\$a1573-658X$y1053-0789
=037  3\$aISSN_10530789_21$bPortico$nTaylor & Francis
=037  \\$aISSN_10530789$bPortico$nManey Publishing
=040  \\$aUk$beng$cUk$erda
=042  \\$aukblsr
=082  04$a362.505$223
=210  0\$aJ. soc. distress homeless$b(Dordr., Online)
=222  \0$aJournal of social distress and the homeless$b(Dordrecht. Online)
=245  00$aJournal of social distress and the homeless.
=246  1\$iMinor title change:$aJournal of social distress and homelessness,$fvolume 29, issue 1 (2020)-
=264  \1$aLeeds :$bManey Publishing
=264  31$a[United States?] :$bTaylor & Francis
=310  \\$aTwo issues a year,$b2011-
=321  \\$aOne to four issues a year,$b-2010
=336  \\$atext$2rdacontent
=337  \\$acomputer$2rdamedia
=338  \\$aonline resource$2rdacarrier
=362  1\$aPrint began with: vol. 1, part 1 (Jan. 1992).
=540  \\$aCurrent copyright fee: GBP46.00$c2\0$5Uk
=588  \\$aDescription based on: volume 14, numbers 3 & 4 (July 2005); title from journal homepage (IngentaConnect, viewed April 24, 2013).
=588  \\$aLatest issue consulted: volume 29, issue 1 (2020) (Taylor & Francis Online, viewed December 4, 2020).
=650  \0$aSocial problems$xPsychological aspects$vPeriodicals.
=650  \0$aStress (Psychology)$xSocial aspects$vPeriodicals.
=650  \0$aHomelessness$vPeriodicals.
=690  7\$aSocial Welfare$2blcoll
=776  08$iAlso issued in print as:$tJournal of social distress and the homeless$x1053-0789
=852  41$aBritish Library$bHMNTS$jELD Digital store$3Volume 22:Issue 1(2013:May)-***Previous issues available in print copy
=856  \\$31850-9999$uhttp://www.tandfonline.com/$xBLDSS
=856  40$uhttp://www.ingentaconnect.com/content/klu/josd
=856  40$uhttp://www.ingentaconnect.com/content/maney/sdh
=856  40$uhttps://www.tandfonline.com/toc/ysdh20/current
=859  \\$aELD$bejournal
=945  \\$aJournal of social distress and the homeless.
=979  \\$aBritish Library$bDSC$j5064.753000
=985  \\$aISSN note: Responsibility for ISSN transferred to the ISSN UK Centre from the Netherlands ISSN Centre, 01.08.13.
=985  \\$aISSN Note: Responsibility for ISSN transferred from UK ISSN Centre to US ISSN Center, 27.11.2020.
=ACF  \\$aPrevious Copyright Fee: GBP22.00$c0$e01-jul-2013$fGBP22.00$g0$hC$5Uk
=ACF  \\$aPrevious copyright fee: GBP36.00$c47\0$e01-jan-2017$fGBP36.00$g0$hP$5Uk
=ACF  \\$aPrevious copyright fee: GBP34.00$c47\0$e01-jan-2016$fGBP34.00$g0$hP$5Uk
=ACF  \\$aPrevious copyright fee: GBP40.00$c47\0$e15-jan-2019$fGBP40.00$g0$hP$5Uk
=ACF  \\$aPrevious copyright fee: GBP42.00$c47\0$e01-jan-2020$fGBP42.00$g0$hP$5Uk
=ACF  \\$aPrevious copyright fee: GBP44.00$c47\0$e01-jan-2021$fGBP44.00$g0$hP$5Uk
=CAT  \\$a8411$b40$c20130422$lBLL01$h1438
=CAT  \\$a10902$b40$c20151121$lBLL01$h0746
=CAT  \\$aBATCH-CLA$b00$c20151127$lBLL01$h1631
=CAT  \\$a5552$b40$c20151215$lBLL01$h1432
=CAT  \\$aIPL-CLA$c20151231$lBLL01$h1935
=CAT  \\$aBLDSS-3PM$b00$c20160108$lBLL01$h1820
=CAT  \\$a14448$b40$c20160205$lBLL01$h1136
=CAT  \\$aBATCH-UPD$b40$c20160413$lBLL01$h1826
=CAT  \\$a11433$b40$c20160418$lBLL01$h1149
=CAT  \\$aBATCH-UPD$b40$c20161003$lBLL01$h0546
=CAT  \\$aBATCH-UPD$b40$c20161122$lBLL01$h1544
=CAT  \\$aIPL-CLA$c20161231$lBLL01$h0010
=CAT  \\$a5552$b40$c20170406$lBLL01$h1141
=CAT  \\$aW1711-1005$c20171206$lBLL01$h1825
=CAT  \\$a5552$b40$c20190115$lBLL01$h1159
=CAT  \\$aBATCH-UPD$b40$c20191122$lBLL01$h1919
=CAT  \\$aIPL-CLA$c20191231$lBLL01$h2034
=CAT  \\$aBATCH-UPD$b00$c20201118$lBLL01$h1353
=CAT  \\$a7152$b40$c20201127$lBLL01$h1346
=CAT  \\$a10806$b40$c20201204$lBLL01$h0920
=CAT  \\$a10806$b40$c20201204$lBLL01$h0921
=CAT  \\$aIPL-CLA$c20201231$lBLL01$h1532
=CAT  \\$aBATCH-UPD$b00$c20221121$lBLL01$h1428
=CAT  \\$aIPL-CLA$c20221231$lBLL01$h1451
=CAT  \\$aR2308-1440$c20230824$lBLL01$h0930
=CAT  \\$aIPL-CLA$c20230930$lBLL01$h0810
=CFI  0\$aCurrent copyright fee: GBP46.00$c2\0$e01-oct-2023$fGBP46.00$g0$hP$5Uk
=CFI  2\$aPrevious copyright fee: GBP46.00$c47\0$e01-jan-2023$fGBP46.00$g0$hP$5Uk
=FFP  \\$aY$bBLDSS-3PM
=FIN  \\$aY$d20130424
=FMT  \\$a  SE
=LAS  \\$aIPL-CLA$b00$c20230930$lBLL01$h0810
=LKR  \\$aPAR$b010492208$lBLL01$nJournal of social distress and the homeless (Print)$mJournal of social distress and the homeless (Online)$r776
=TOC  \\$aETOC

