=LDR  03411cas a2200865 i 4500
=001  016414107
=003  Uk
=005  20230511163050.0
=006  m\\\\\\\\d\|\\\\\\
=007  cr||||||||||||
=008  130517c20149999enk\x\p\o\\\\\0\\\a0eng\\
=015  \\$aGBC1G8763$2bnb
=022  \\$a2052-6113
=037  3\$aISSN_20526113_2$bPortico$nWiley
=037  \\$aISSN_20526113_1218$bPortico$nBMJ
=040  \\$aUk$beng$cUk$dUk$erda
=042  \\$aukblsr
=082  04$a636.08905$223
=210  0\$aVet. rec. open
=222  \0$aVeterinary record open
=245  00$aVeterinary record open.
=246  30$aVet record open
=264  \1$aLondon :$bBMJ,$c[2014]-
=264  31$a[Oxford] :$bJohn Wiley & Sons Ltd on behalf of the British Veterinary Association
=310  \\$aIrregular
=336  \\$atext$2rdacontent
=337  \\$acomputer$2rdamedia
=338  \\$aonline resource$2rdacarrier
=362  1\$aBegan with volume 1, issue 1 (2014).
=540  \\$aCurrent Copyright Fee: zero$c35\0$5Uk
=588  \\$aDescription based on: volume 8, issue 1 (December 2021); title from table of contents page (publisher's Web site, viewed October 6, 2021).
=650  \0$aVeterinary medicine$vPeriodicals.
=650  \0$aVeterinary medicine$xResearch$vPeriodicals.
=710  2\$aBritish Veterinary Association.
=787  0\$tVet record open$x2399-2050
=852  41$aBritish Library$bHMNTS$jELD Digital store$3Volume 1:Issue 1(2013)-
=856  40$31850-9999$uhttp://www.bmj.com/archive$xBLDSS
=856  4\$uhttp://vetrecordopen.bmj.com/content/1/1.toc$xOA-J
=856  4\$uhttps://bvajournals.onlinelibrary.wiley.com/toc/20526113/current
=859  \\$aELD$bejournal
=945  \\$aVeterinary record open
=979  \\$aBritish Library$bDSC$j9230.060000N
=985  \\$aISSN UK Centre note: ROAD OA.
=985  \\$aISSN description based on: volume 1, issue 1 (2014), viewed on publisher's website, March 12, 2014.
=985  \\$aISSN responsibility passed to U.S. Center - now Wiley (13/01/21).
=ACF  \\$aPrevious Copyright Fee: GBP28.00$c118\0$e01-jan-2016$fGBP28.00$g0$hP$5Uk
=CAT  \\$a7152$b40$c20130517$lBLL01$h1052
=CAT  \\$a11315$b40$c20140312$lBLL01$h1133
=CAT  \\$a5552$b40$c20151203$lBLL01$h1231
=CAT  \\$aIPL-CLA$c20151231$lBLL01$h1935
=CAT  \\$aBLDSS-3PM$b00$c20160108$lBLL01$h1820
=CAT  \\$a5552$b40$c20160119$lBLL01$h1330
=CAT  \\$aBATCH-UPD$b40$c20160413$lBLL01$h1826
=CAT  \\$a5552$b40$c20170210$lBLL01$h1041
=CAT  \\$a5552$b40$c20170210$lBLL01$h1044
=CAT  \\$a8323$b40$c20170425$lBLL01$h1148
=CAT  \\$a10806$b40$c20210113$lBLL01$h0834
=CAT  \\$a10806$b40$c20210113$lBLL01$h0837
=CAT  \\$a5552$b40$c20210203$lBLL01$h1150
=CAT  \\$a5410$b40$c20210210$lBLL01$h0924
=CAT  \\$a5410$b40$c20210210$lBLL01$h0925
=CAT  \\$a10983$b40$c20210814$lBLL01$h1326
=CAT  \\$a11205$b40$c20211006$lBLL01$h1546
=CAT  \\$a15190$b40$c20211202$lBLL01$h1523
=CAT  \\$a6811$b40$c20220428$lBLL01$h0947
=CAT  \\$aBATCH-FIX$c20230511$lBLL01$h1630
=CFI  0\$aCurrent Copyright Fee: zero$c35\0$e03-feb-2021$fGBP0.00$g0$hP$5Uk
=CFI  2\$aPrevious Copyright Fee: zero$c118\0$e19-jan-2016$fGBP0.00$g0$hP$5Uk
=FFP  \\$aY$bBLDSS-3PM
=FIN  \\$aY$d20140312
=FMT  \\$a  SE
=LAS  \\$aBATCH-FIX$b00$c20230511$lBLL01$h1630
=MNI  \\$a2052-6113
=TOC  \\$aETOC
=UNO  \\$aY

