=LDR  01729aas a2200457 i 4500
=001  016423856
=003  Uk
=005  20200701090345.0
=007  ta
=008  130604c20119999enkfr\p\\\\\\\0\\\a0eng\\
=015  \\$aGBB375093$2bnb
=022  0\$a1792-9687
=040  \\$aUk$beng$cUk$erda
=042  \\$aukblsr
=082  04$a511.05$223
=210  0\$aTheor. math. appl.
=222  \0$aTheoretical mathematics and applications
=245  00$aTheoretical mathematics and applications.
=246  1\$iMinor title change:$aTheoretical mathematics & applications
=264  \1$aAthens :$bInternational Scientific Press
=264  31$aBushey Heath :$bScienpress Ltd
=310  \\$aSemi-annual
=336  \\$atext$2rdacontent
=337  \\$aunmediated$2rdamedia
=338  \\$avolume$2rdacarrier
=362  1\$aBegan with volume 1, issue 1 (2011).
=588  \\$aDescription based on: volume 3, issue 1 (2013).
=650  \0$aMathematics$vPeriodicals.
=776  0\$iAlso issued online as:$tTheoretical mathematics and applications$x1792-9709
=852  11$aBritish Library$bSTI$k(P)$h511$m-E(1)$3Vol. 3, issue 1 (2013)-v.8. issue 4(2018)
=985  \\$aISSN responsbility taken by ISSN UK from ISSN Greece, 04.06.2013
=985  \\$aISSN description based on: Vol. 3, issue 1 (April 2013)
=985  \\$aISSN responsibility passed to ISSN New Zealand (01/07/20) - see online record for publisher.
=CAT  \\$a11313$b40$c20130604$lBLL01$h0831
=CAT  \\$a11313$b40$c20130604$lBLL01$h0832
=CAT  \\$a5997$b40$c20130821$lBLL01$h0734
=CAT  \\$a10806$b40$c20200701$lBLL01$h0903
=FIN  \\$aY$d20130604
=FMT  \\$a  SE
=LAS  \\$a10806$b40$c20200701$lBLL01$h0903
=LET  \0$aTheoretical mathematics & applications (Print)

