=LDR  01607aas a2200445 i 4500
=001  016434879
=003  Uk
=005  20140909143625.0
=007  ta
=008  130620c20039999ie\fr\p\\\\\\\0\\\a0eng\\
=022  \\$a1649-4288
=040  \\$aUk$beng$cUk$erda
=042  \\$aukblsr
=082  04$a747.05$223
=130  0\$aWhite book (Dublin, Ireland)
=222  \4$aThe white book$b(Blackrock, Co. Dublin)
=245  14$aThe white book :$bessential interiors.
=264  \1$a[Blackrock] :$b[Montague Publishing Group],$c[2004]-
=264  31$aDublin, Ireland :$bMontague Publications Group
=300  \\$billustrations (black and white, and colour) ;$c30 cm
=310  \\$aSemiannual
=321  \\$aAnnual
=336  \\$atext$2rdacontent
=336  \\$astill image$2rdacontent
=337  \\$aunmediated$2rdamedia
=338  \\$avolume$2rdacarrier
=362  1\$aBegan in 2003.
=500  \\$a"The interiors bible."
=530  \\$aAlso issued in various electronic formats.
=588  \\$aDescription based on: volume 9 (autumn/winter 2008).
=650  \0$aInterior decoration$vPeriodicals.
=650  \0$aLuxuries$vPeriodicals.
=852  41$aBritish Library$bHMNTS$jZK.9.b.33834$3Vol. 9 (autumn/winter 2008)
=985  \\$aISSN currently under ISSN Ireland responsibility. From Sept 2013, due to be published in N. Ireland and so will need to ask to take resp. ISSN UK, 20.06.2013
=CAT  \\$a11313$b40$c20130620$lBLL01$h1319
=CAT  \\$a11313$b40$c20130620$lBLL01$h1346
=CAT  \\$a8323$b40$c20140909$lBLL01$h1436
=FIN  \\$aY$d20130620
=FMT  \\$a  SE
=LAS  \\$a8323$b40$c20140909$lBLL01$h1436

