=LDR  01790aas a2200481 i 4500
=001  016535797
=003  Uk
=005  20190823090059.0
=007  ta
=008  131105c20129999enktr\p\\\\\\\0\\\a0eng\\
=015  \\$aGBB3A4861$2bnb
=022  0\$a2241-3022
=040  \\$aUk$beng$cUk$erda
=042  \\$aukblsr
=082  04$a338.04$223
=222  \0$aBusiness & entrepreneurship journal$b(Print)
=245  00$aBusiness & entrepreneurship journal.
=246  3\$aBusiness and entrepreneurship journal
=264  31$aBushey Heath :$bScienpress Ltd.
=300  \\$c24 cm
=310  \\$aThree issues yearly
=336  \\$atext$2rdacontent
=337  \\$aunmediated$2rdamedia
=338  \\$avolume$2rdacarrier
=362  0\$aVolume 1, issue 1 (2012)-
=650  \0$aEntrepreneurship$vPeriodicals.
=650  \0$aBusiness planning$vPeriodicals.
=650  \0$aStrategic planning$vPeriodicals.
=690  7\$aManagement and Business Studies$2blcoll
=776  08$iAlso issued online as:$tBusiness & entrepreneurship journal$x2241-312X
=852  41$aBritish Library$bHMNTS$jZC.9.a.9190$3Vol. 1, Issue 1 (2012)-v. 4 Issue 2 (2015); v. 6, no. 1 (2017)-v. 6, no. 2 (2017)
=985  \\$aISSN responsibility taken by ISSN UK from ISSN Greece, November 5 2013.
=985  \\$aISSN responsibility transfer from UK to NZ pending - see online record for details (Richard, 23/08/19)
=985  \\$aISSN description based on: Volume 1, issue 1 (2012).
=985  \\$aI
=CAT  \\$a11313$b40$c20131105$lBLL01$h0845
=CAT  \\$a5997$b40$c20131115$lBLL01$h1058
=CAT  \\$aBATCH-MBS$c20140110$lBLL01$h2137
=CAT  \\$a10806$b40$c20190823$lBLL01$h0900
=FIN  \\$aY$d20131105
=FMT  \\$a  SE
=LAS  \\$a10806$b40$c20190823$lBLL01$h0900
=LET  \0$aBusiness & entrepreneurship journal (Print)

