=LDR  02741aas a2200637 i 4500
=001  016535801
=003  Uk
=005  20200828211137.0
=006  m\\\\\\\\d\|\\\\\\
=007  cr||||||||||||
=008  131105c20129999nz\tr\p\o\\\\\0\\\a0eng\\
=022  0\$a2241-312X
=040  \\$aUk$beng$cUk$dUk$erda
=042  \\$aukblsr
=082  04$a338.04$223
=222  \0$aBusiness & entrepreneurship journal$b(Online)
=245  00$aBusiness & entrepreneurship journal.
=246  3\$aBusiness and entrepreneurship journal
=264  \1$aAthens :$bInternational Scientific Press
=264  21$aBushey Heath :$bScienpress Ltd.
=264  31$32019-$aChristchurch, New Zealand :$bScientific Press International Limited
=310  \\$aThree issues yearly
=336  \\$atext$2rdacontent
=337  \\$acomputer$2rdamedia
=338  \\$aonline resource$2rdacarrier
=362  1\$aPrint began with Volume 1, issue 1 (2012).
=588  \\$aDescription based on ISSN record; title from PDF running title.
=588  \\$aLatest issue consulted: vol. 7, no. 2 (2018).
=650  \0$aEntrepreneurship$vPeriodicals.
=650  \0$aBusiness planning$vPeriodicals.
=650  \0$aStrategic planning$vPeriodicals.
=690  7\$aManagement and Business Studies$2blcoll
=776  08$iAlso issued in print as:$tBusiness & entrepreneurship journal$x2241-3022
=852  41$aBritish Library$bHMNTS$jELD Digital store$3Volume 7:Issue 1(2018)-Volume 7:Issue 2(2018)
=856  40$uhttp://www.scienpress.com/journal_focus.asp?Main_Id=72$xOA-J
=859  \\$aELD$bejournal
=985  \\$aISSN responsibility taken by ISSN UK from ISSN Greece, November 5 2013.
=985  \\$aISSN responsibility transfer from UK to NZ pending (Richard, 23/08/19).
=985  \\$aISSN description based on: Volume 1, issue 1 (2012); pdf viewed November 5 2013.
=985  \\$aISSN UK Centre note: ROAD OA
=985  \\$a2018 content added for Scienpress (UK publisher) 18/8/20 as closed set; catalogued via VPN.
=CAT  \\$a11313$b40$c20131105$lBLL01$h0851
=CAT  \\$a7152$b40$c20131120$lBLL01$h1233
=CAT  \\$a10806$b40$c20190823$lBLL01$h0859
=CAT  \\$a3072$b40$c20200818$lBLL01$h1214
=CAT  \\$a3072$b40$c20200818$lBLL01$h1217
=CAT  \\$a3072$b40$c20200818$lBLL01$h1225
=CAT  \\$a3072$b40$c20200818$lBLL01$h1229
=CAT  \\$a3072$b40$c20200818$lBLL01$h1234
=CAT  \\$a3072$b40$c20200818$lBLL01$h1242
=CAT  \\$aBATCH-MBS$c20200828$lBLL01$h2111
=FIN  \\$aY$d20131105
=FMT  \\$a  SE
=LAS  \\$aBATCH-MBS$b00$c20200828$lBLL01$h2111
=LET  \0$aBusiness & entrepreneurship journal (Electronic)
=LKR  \\$aPAR$b016535797$lBLL01$nBusiness & entrepreneurship journal (Print)$mBusiness & entrepreneurship journal (Online)$r776

