=LDR  01523 as a2200421 i 4500
=001  016535810
=003  Uk
=005  20200701083413.0
=007  ta
=008  131105c20129999enkfr\p\\\\\\\0\\\a0eng\\
=015  \\$aGBB3A4825$2bnb
=022  0\$a2241-2328
=040  \\$aUk$beng$cUk$dUk$erda
=042  \\$aukblsr
=082  04$a610$223
=222  \0$aJournal of applied medical sciences$b(Print)
=245  00$aJournal of applied medical sciences.
=264  \1$aAthens :$bInternational Scientific Press
=264  31$aBushey Heath :$bScienpress Ltd,$c2012-
=300  \\$c24 cm
=310  \\$aSemiannual
=336  \\$atext$2rdacontent
=337  \\$aunmediated$2rdamedia
=338  \\$avolume$2rdacarrier
=362  0\$aVolume 1, issue 1 (2012)-
=650  \0$aMedical sciences$vPeriodicals.
=776  08$iAlso issued online as:$tJournal of applied medical sciences$x2241-2336
=852  41$aBritish Library$bHMNTS$jZC.9.a.9212$3Vol.1, no. 1 (2012)-v. 6, no. 1 (2017)
=985  \\$aISSN responsibility taken by ISSN UK from ISSN Greece, November 5 2013.
=985  \\$aISSN description based on: Volume 1, issue 1 (2012).
=985  \\$aISSN responsibility passed to ISSN New Zealand (01/07/20) - see online record for new publisher.
=CAT  \\$a11313$b40$c20131105$lBLL01$h0908
=CAT  \\$a5110$b40$c20131114$lBLL01$h1605
=CAT  \\$a10806$b40$c20200701$lBLL01$h0834
=FIN  \\$aY$d20131105
=FMT  \\$a  SE
=LAS  \\$a10806$b40$c20200701$lBLL01$h0834
=LET  \0$aJournal of applied medical sciences (Print)

