=LDR  02255aas a2200529 i 4500
=001  016535812
=003  Uk
=005  20200818123329.0
=006  m\\\\\\\\d\|\\\\\\
=007  cr||||||||||||
=008  131105c20129999nz\fr\p\o\\\\\0\\\a0eng\\
=022  0\$a2241-2336
=040  \\$aUk$beng$cUk$dUk$erda
=042  \\$aukblsr
=082  04$a610$223
=222  \0$aJournal of applied medical sciences$b(Online)
=245  00$aJournal of applied medical sciences.
=264  \1$aAthens :$bInternational Scientific Press
=264  21$aBushey Heath :$bScienpress Ltd.
=264  31$aChristchurch, New Zealand :$bScientific Press International Limited
=310  \\$aSemiannual
=336  \\$atext$2rdacontent
=337  \\$acomputer$2rdamedia
=338  \\$aonline resource$2rdacarrier
=362  1\$aPrint began with volume 1, issue 1 (2012).
=588  \\$aDescription based on ISSN record; title from PDF running title.
=588  \\$aLatest issue consulted: vol. 7, no. 1 (2018).
=650  \0$aMedical sciences$vPeriodicals.
=776  08$iAlso issued in print as:$tJournal of applied medical sciences$x2241-2328
=852  41$aBritish Library$bHMNTS$jELD Digital store$3Volume 6:Issue 2(2017)-Volume 7:Issue 1(2018)
=856  40$uhttp://www.scienpress.com/journal_focus.asp?Main_Id=71$xOA-J
=859  \\$aELD$bejournal
=985  \\$aISSN responsibility taken by ISSN UK from ISSN Greece, November 5 2013.
=985  \\$aISSN description based on: Volume 1, issue 1 (2012); pdf viewed November 5 2013.
=985  \\$aISSN responsibility passed to ISSN New Zealand (01/07/20)
=985  \\$aISSN UK Centre note: ROAD OA
=985  \\$a2018 content added for Scienpress (UK publisher) 18/8/20 as closed set; catalogued via VPN.
=CAT  \\$a11313$b40$c20131105$lBLL01$h0912
=CAT  \\$a5110$b40$c20131115$lBLL01$h0901
=CAT  \\$a7152$b40$c20131121$lBLL01$h1100
=CAT  \\$a10806$b40$c20200701$lBLL01$h0833
=CAT  \\$a3072$b40$c20200818$lBLL01$h1233
=FIN  \\$aY$d20131105
=FMT  \\$a  SE
=LAS  \\$a3072$b40$c20200818$lBLL01$h1233
=LET  \0$aJournal of applied medical sciences (Electronic)
=LKR  \\$aPAR$b016535810$lBLL01$nJournal of applied medical sciences (Print)$mJournal of applied medical sciences (Online)$r776

