=LDR  01702aas a2200457 i 4500
=001  016535816
=003  Uk
=005  20200701080518.0
=007  ta
=008  131105c20129999enkfr\p\\\\\\\0\\\a0eng\\
=015  \\$aGBB3A4745$2bnb
=022  0\$a2241-195X
=040  \\$aUk$beng$cUk$erda
=042  \\$aukblsr
=082  04$a332.0151$223
=222  \0$aCommunications in mathematical finance$b(Print)
=245  00$aCommunications in mathematical finance.
=264  \1$aAthens :$bInternational Scientific Press
=264  31$a[Bushey Heath] :$bScienpress Ltd,$c2012-
=300  \\$c24 cm
=310  \\$aSemiannual
=336  \\$atext$2rdacontent
=337  \\$aunmediated$2rdamedia
=338  \\$avolume$2rdacarrier
=362  0\$aVolume 1, issue 1 (2012)-
=650  \0$aBusiness mathematics$vPeriodicals.
=690  7\$aManagement and Business Studies$2blcoll
=776  08$iAlso issued online as:$tCommunications in mathematical finance$x2241-1968
=852  41$aBritish Library$bHMNTS$jZC.9.a.9206$3Volume 1, Number 1 (2012)-v. 6, no. 1 (2017)
=985  \\$aISSN responsibility taken by ISSN UK from ISSN Greece, November 5 2013.
=985  \\$aISSN responsibility passed to ISSN New Zealand (01/07/20) - see online record for new publisher.
=985  \\$aISSN description based on: Volume 1, issue 1 (2012).
=CAT  \\$a11313$b40$c20131105$lBLL01$h0919
=CAT  \\$a5997$b40$c20131114$lBLL01$h0950
=CAT  \\$aBATCH-MBS$c20140207$lBLL01$h2133
=CAT  \\$a10806$b40$c20200701$lBLL01$h0804
=CAT  \\$a10806$b40$c20200701$lBLL01$h0805
=FIN  \\$aY$d20131105
=FMT  \\$a  SE
=LAS  \\$a10806$b40$c20200701$lBLL01$h0805
=LET  \0$aCommunications in mathematical finance (Print)

