=LDR  02322aas a2200541 i 4500
=001  016535819
=003  Uk
=005  20200828211137.0
=006  m\\\\\\\\d\|\\\\\\
=007  cr||||||||||||
=008  131105c20129999nz\fr\p\o\\\\\0\\\a0eng\\
=022  0\$a2241-1968
=040  \\$aUk$beng$cUk$dUk$erda
=042  \\$aukblsr
=082  04$a332.0151$223
=222  \0$aCommunications in mathematical finance$b(Online)
=245  00$aCommunications in mathematical finance.
=264  \1$aAthens :$bInternational Scientific Press
=264  21$aBushey Heath :$bScienpress Ltd.
=264  31$aChristchurch, New Zealand :$bScientific Press International Limited
=310  \\$aSemiannual
=336  \\$atext$2rdacontent
=337  \\$acomputer$2rdamedia
=338  \\$aonline resource$2rdacarrier
=362  1\$aPrint began with volume 1, issue 1 (2012).
=588  \\$aDescription based on ISSN record; title from PDF running title.
=588  \\$aLatest issue consulted: vol. 7, no. 1 (2018).
=650  \0$aBusiness mathematics$vPeriodicals.
=690  7\$aManagement and Business Studies$2blcoll
=776  08$iAlso issued in print as:$tCommunications in mathematical finance$x2241-195X
=852  41$aBritish Library$bHMNTS$jELD Digital store$3Volume 7:Number 1(2018)
=856  40$uhttp://www.scienpress.com/journal_focus.asp?Main_Id=70$xOA-J
=859  \\$aELD$bejournal
=985  \\$aISSN responsibility taken by ISSN UK from ISSN Greece, November 5 2013.
=985  \\$aISSN responsibility passed to ISSN New Zealand (01/07/20)
=985  \\$aISSN description based on: Volume 1, issue 1 (2012); pdf viewed November 5 2013.
=985  \\$aISSN UK Centre note: ROAD OA
=985  \\$a2018 content added for Scienpress (UK publisher) 18/8/20 as closed set; catalogued via VPN.
=CAT  \\$a11313$b40$c20131105$lBLL01$h0922
=CAT  \\$a7152$b40$c20131121$lBLL01$h1122
=CAT  \\$a10806$b40$c20200701$lBLL01$h0803
=CAT  \\$a3072$b40$c20200818$lBLL01$h1245
=CAT  \\$aBATCH-MBS$c20200828$lBLL01$h2111
=FIN  \\$aY$d20131105
=FMT  \\$a  SE
=LAS  \\$aBATCH-MBS$b00$c20200828$lBLL01$h2111
=LET  \0$aCommunications in mathematical finance (Electronic)
=LKR  \\$aPAR$b016535816$lBLL01$nCommunications in mathematical finance (Print)$mCommunications in mathematical finance (Online)$r776

