=LDR  01960aas a2200469 i 4500
=001  016535826
=003  Uk
=005  20200701080932.0
=007  ta
=008  131105c20119999enkfr\p\\\\\\\0\\\a0eng\\
=015  \\$aGBB3A4695$2bnb
=022  0\$a1792-9040
=040  \\$aUk$beng$cUk$erda
=042  \\$aukblsr
=082  04$a550.5$223
=222  \0$aJournal of earth sciences and geotechnical engineering
=245  00$aJournal of earth sciences & geotechnical engineering.
=246  3\$aJournal of earth sciences and geotechnical engineering
=264  \1$a[Athens] :$bInternational Scientific Press,$c2012-
=264  31$a[Bushey Heath] :$bScienpress Ltd.
=300  \\$billustrations (black and white) ;$c24 cm
=310  \\$aSemiannual
=336  \\$atext$2rdacontent
=337  \\$aunmediated$2rdamedia
=338  \\$avolume$2rdacarrier
=362  0\$aVolume 1, issue 1 (2011)-
=650  \0$aEarth sciences$vPeriodicals.
=650  \0$aGeotechnical engineering$vPeriodicals.
=776  08$iAlso issued online as:$tJournal of earth sciences & geotechnical engineering$x1792-9660
=852  11$aBritish Library$bSTI$k(P)$h550.5$m-E(8)$3Vol.1, no.1(2011); v.3, no.4(2013)-v.4, no.2(2014); v.5, no.1(2015)-v.5, no.3(2015); v.6, no.1(2016)-v.6, no.2(2016); v.7, no.2(2017)-v.7, no.4(2017)
=985  \\$aISSN responsibility taken by ISSN UK from ISSN Greece, November 5 2013.
=985  \\$aISSN responsibility passed to ISSN New Zealand (01/07/20) - see online record for new publisher.
=985  \\$aISSN description based on: Volume 1, issue 1 (2011).
=CAT  \\$a11313$b40$c20131105$lBLL01$h0935
=CAT  \\$a11205$b40$c20131113$lBLL01$h1339
=CAT  \\$a11205$b40$c20131113$lBLL01$h1341
=CAT  \\$a11205$b40$c20131113$lBLL01$h1342
=CAT  \\$a10806$b40$c20200701$lBLL01$h0809
=FIN  \\$aY$d20131105
=FMT  \\$a  SE
=LAS  \\$a10806$b40$c20200701$lBLL01$h0809
=LET  \0$aJournal of earth sciences & geotechnical engineering (Print)

