=LDR  05354cas a2201213 a 4500
=001  016561771
=003  Uk
=005  20230511163056.0
=006  m\\\\\o\\d\\\\\\\\
=007  cr\cn|||||||||
=008  990602c19219999xxumn\pso\\\\\0\\\a0eng\c
=010  \\$asn 99004014
=015  \\$aGBB411408$2bnb
=022  \\$a1525-3171
=035  \\$a(OCoLC)41473267$z(OCoLC)137349790
=037  \\$aps$bOxford University Press
=037  3\$aISSN_00325791$bPortico$nOxford University Press
=040  \\$aNSD$beng$cNSD$dOCLCQ$dSBH$dAZU$dLGG$dOCLCQ$dUk
=042  \\$aukblsr
=050  14$aSF481$b.P77
=082  04$a636.5005$223
=130  0\$aPoultry science (Online)
=210  0\$aPoult. sci.$b(Online)
=222  \0$aPoultry science$b(Online)
=245  10$aPoultry science$h[electronic resource].
=260  \\$aSavoy, Ill. :$bPoultry Science Association
=264  21$32014-$a[Oxford?] :$bOxford University Press
=264  31$a[United States?] :$bElsevier
=310  \\$aMonthly
=336  \\$atext$2rdacontent
=337  \\$acomputer$2rdamedia
=338  \\$aonline resource$2rdacarrier
=362  1\$aPrint began with vol. 1 (Oct./Nov. 1921).
=538  \\$aMode of access: World Wide Web.
=540  \\$aCurrent copyright fee: zero$c5\1$5Uk
=580  \\$aIncludes issues of earlier titles: Proceedings of the meeting for the years ... , and: Journal of the American Association of Instructors and Investigators In Poultry Husbandry.
=588  \\$aDescription based on: Vol. 76, no. 1 (Jan. 1997); title from title screen.
=588  \\$aLatest issue consulted: volume 99, number 10 (October 2020) (ScienceDirect viewed October 27, 2020).
=650  \0$aPoultry$vPeriodicals.
=650  \2$aPoultry$vPeriodicals.
=650  \2$aPoultry Diseases$vPeriodicals.
=655  \0$aElectronic journals.
=710  2\$aPoultry Science Association.
=710  2\$aFederation of Animal Science Societies.
=776  08$iPrint version:$tPoultry science$x0032-5791
=780  10$tJournal of the American Association of Instructors and Investigators In Poultry Husbandry (Online)
=852  41$aBritish Library$bDSC$j6571.000000$3Volume 94:Issue 1(2015)-Volume 98:Issue 12(2019)***See ESTAR for full holdings.
=852  41$aBritish Library$bHMNTS$jELD Digital store$3Volume 93:Number 1(2014:Jan.)-Volume 98:Number 12(2019:Dec.)
=856  \\$31850-9999$uhttp://www.oxfordjournals.org/en/$xBLDSS
=856  40$uhttps://www.journals.elsevier.com/poultry-science/
=856  4\$uhttp://www.psa.uiuc.edu/toc.html$zLink no longer valid as of Mar. 20, 2008:
=856  40$uhttp://ps.fass.org/
=856  40$uhttp://ps.oxfordjournals.org/
=859  \\$aELD$bejournal
=945  \\$aPoultry science
=959  \\$fHeld but not currently received
=979  \\$aBritish Library$bDSC$j6571.000000
=985  \\$aISSN responsibility taken by ISSN UK (multinational publisher agreement), February 21 2014.
=985  \\$aISSN transferred to Netherlands (Richard, 24/11/20)
=ACF  \\$aPrevious copyright fee: GBP19.00$c29\0$e01-jan-2018$fGBP19.00$g0$hP$5Uk
=ACF  \\$aPrevious Copyright Fee: GBP6.25$c0$e01-apr-2014$fGBP6.25$g0$hC$5Uk
=ACF  \\$aPrevious Copyright Fee: GBP16.00$c0$e01-jul-2014$fGBP16.00$g0$hC$5Uk
=ACF  \\$aPrevious copyright fee: GBP16.00$c29\0$e01-jan-2015$fGBP16.00$g0$hP$5Uk
=ACF  \\$aPrevious copyright fee: GBP17.00$c29\0$e01-jan-2016$fGBP17.00$g0$hP$5Uk
=ACF  \\$aPrevious copyright fee: GBP18.00$c29\0$e01-jan-2017$fGBP18.00$g0$hP$5Uk
=CAT  \\$a11433$b40$c20131207$lBLL01$h1100
=CAT  \\$aBLDSS-3PM$b00$c20150215$lBLL01$h1114
=CAT  \\$a12654$b40$c20150225$lBLL01$h0916
=CAT  \\$aBATCH-UPD$b40$c20151119$lBLL01$h1553
=CAT  \\$aBATCH-UPD$b40$c20151119$lBLL01$h1554
=CAT  \\$aBATCH-UPD$b40$c20151213$lBLL01$h1327
=CAT  \\$aIPL-CLA$c20151231$lBLL01$h1935
=CAT  \\$aBATCH-UPD$b00$c20160518$lBLL01$h0859
=CAT  \\$aBATCH-UPD$b00$c20160524$lBLL01$h2215
=CAT  \\$aBATCH-UPD$b00$c20161122$lBLL01$h1517
=CAT  \\$aIPL-CLA$c20161231$lBLL01$h0015
=CAT  \\$aBATCH-UPD$b00$c20171121$lBLL01$h1659
=CAT  \\$aW1711-1005$c20171206$lBLL01$h1826
=CAT  \\$aIPL-CLA$c20171231$lBLL01$h1822
=CAT  \\$aBATCH-UPD$b00$c20181217$lBLL01$h1654
=CAT  \\$aIPL-CLA$c20181231$lBLL01$h1553
=CAT  \\$aW1910-0530$c20191007$lBLL01$h1114
=CAT  \\$a12654$b40$c20200109$lBLL01$h1537
=CAT  \\$aBATCH-UNOD$c20200114$lBLL01$h2340
=CAT  \\$a12654$b40$c20200207$lBLL01$h0916
=CAT  \\$a5410$b40$c20200811$lBLL01$h1145
=CAT  \\$a5410$b40$c20200907$lBLL01$h0846
=CAT  \\$a8483$b40$c20201027$lBLL01$h1307
=CAT  \\$a10806$b40$c20201124$lBLL01$h0858
=CAT  \\$a10806$b40$c20201201$lBLL01$h0822
=CAT  \\$a5410$b40$c20221029$lBLL01$h1159
=CAT  \\$aBATCH-FIX$c20230511$lBLL01$h1630
=CFI  0\$aCurrent copyright fee: zero$c5\1$e09-jan-2020$fGBP0.00$g0$hP$5Uk
=CFI  2\$aPrevious copyright fee: GBP20.00$c29\0$e01-jan-2019$fGBP20.00$g0$hP$5Uk
=EST  \\$a1
=FFP  \\$aY$bBLDSS-3PM
=FIN  \\$aY$d20140129
=FMT  \\$a  SE
=LAS  \\$aBATCH-FIX$b00$c20230511$lBLL01$h1630
=LET  \0$aPoultry science (Online)
=LKR  \\$aPAR$b007867973$lBLL01$nPoultry science (Print)$mPoultry science (Online)$r776
=MNI  \\$a0032-5791
=SID  \\$aZ39$bOCLC
=TOC  \\$aETOC

