=LDR  03691 as a2200841 a 4500
=001  016586512
=003  Uk
=005  20180222155348.0
=006  m\\\\\o\\d\\\\\\\\
=007  cr\|||||||||||
=008  120917d20102013fr\br\p\o\\\\\0\\\b0fre\\
=015  \\$aGBB407756$2bnb
=022  \\$a1156-3141
=035  \\$a(OCoLC)810088430
=037  3\$aISSN_00351563$bPortico$nCambridge University Press
=040  \\$aUIU$cUIU$dUIU$dOCLCO$dUIU$dOCLCQ$dUk
=041  0\$afre$aeng
=042  \\$aukblsr
=082  04$a669.05$223
=130  0\$aRevue de métallurgie (2010 : Online)
=222  \0$aRevue de métallurgie$b(En ligne)
=245  10$aRevue de métallurgie$h[electronic resource].
=246  13$aInternational journal of metallurgy
=260  \\$aLes Ulis, France :$bEDP sciences S.A.,$cc2010-2013.
=310  \\$aBimonthly,$b2012-2013
=321  \\$aEight issues yearly,$b2010-2011
=336  \\$atext$2rdacontent
=337  \\$acomputer$2rdamedia
=338  \\$aonline resource$2rdacarrier
=362  0\$aVol. 107, no 1 (2010)-volume 110, issue 06 (2013).
=500  \\$aMarketed and distributed on behalf of EDP Sciences by Cambridge University Press; individual articles published online by Cambridge University Press.
=500  \\$a"An international journal for steel and other metals - from making to using."
=540  \\$aCurrent Copyright Fee: GBP33.00$c0$5Uk
=546  \\$aEnglish and French, with abstracts in English and French.
=580  \\$aIncludes an English language section with title: Metal highlights.
=580  \\$aIncludes issues of earlier title: Revue de métallurgie (Paris). Cahiers d'informations.
=588  \\$aDescription based on print version record.
=588  \\$aLatest issue consulted: volume 110, issue 06 (2013) (EDP Sciences, viewed July 1, 2014).
=650  \0$aMetallurgy$vPeriodicals.
=650  \0$aIron$xMetallurgy$vPeriodicals.
=650  \0$aSteel$xMetallurgy$vPeriodicals.
=740  02$aMetal highlights.
=776  08$aPrint version:$tRevue de métallurgie (2010)$x0035-1563
=780  10$tRevue de métallurgie (Paris). Cahiers d'informations
=785  00$tMetallurgical research & technology$x2271-3654
=852  41$aBritish Library$bSTI$jELD Digital store$3Volume 110:Issue 6(2013)***Previous issues available in print copy
=856  40$ahttp://www.revue-metallurgie.org/action/displayJournal?jid=MET
=859  \\$aELD$bejournal
=985  \\$aISSN Uk Centre note: ISSN title changes do not match BL collection records. (ISSN under responsibility of ISSN France).
=985  \\$aRecord created for Portico ingest but title changed before 'subscription' began.
=CAT  \\$a8464$b40$c20131218$lBLL01$h1459
=CAT  \\$a8464$b40$c20131218$lBLL01$h1532
=CAT  \\$a11316$b40$c20140122$lBLL01$h0930
=CAT  \\$a11316$b40$c20140122$lBLL01$h1112
=CAT  \\$aBATCH-CLA$b00$c20140228$lBLL01$h1619
=CAT  \\$a14112$b40$c20140312$lBLL01$h1152
=CAT  \\$aIPL-CLA$c20140331$lBLL01$h1643
=CAT  \\$a8411$b40$c20140630$lBLL01$h0921
=CAT  \\$a3072$b40$c20140701$lBLL01$h1506
=CAT  \\$aWR14_097$c20140704$lBLL01$h1704
=CAT  \\$a11316$b40$c20140709$lBLL01$h1445
=CAT  \\$a11316$b40$c20140709$lBLL01$h1451
=CAT  \\$aWR15_120$c20150910$lBLL01$h1828
=CAT  \\$aWR16_048$c20160322$lBLL01$h1614
=CAT  \\$aW1711-1005$c20171206$lBLL01$h1826
=CAT  \\$a6811$b40$c20180222$lBLL01$h1553
=CFI  0\$aCurrent Copyright Fee: GBP33.00$c0$e01-apr-2014$fGBP33.00$g0$hC$5Uk
=FIN  \\$aY$d20140122
=FMT  \\$a  SE
=LAS  \\$a6811$b40$c20180222$lBLL01$h1553
=LET  \0$aRevue de métallurgie (Electronic)
=MNI  \\$a0035-1563
=SID  \\$aZ39$bOCLC

