=LDR  04397cas a2201033 a 4500
=001  016717092
=003  Uk
=005  20230817151300.0
=006  m\\\\\o\\d\\\\\\\\
=007  cr||n|||||||||
=008  050517c20049999enkfr\pso\\\\\0\\\a0eng\\
=010  \\$a  2005243867
=015  \\$aGBB5F5742$2bnb
=016  7\$a101248115$2DNLM
=022  \\$a2241-5793
=035  \\$a(OCoLC)61460061
=037  \\$a???$bBioMed Central
=040  \\$aDNLM$beng$cDNLM$dCU-S$dCSdS$dOCoLC$dOCLCF$dDNLM$dCU-S$dUk
=042  \\$aukblsr
=050  14$aQH301
=060  10$aW1
=082  04$a570.72$223
=130  0\$aJournal of biological research (Thessalonikē, Greece)
=210  0\$aJ. biol. res.$b(Thessalon. Online)
=222  \0$aJournal of biological research$b(Thessaloniki. Online)
=245  10$aJournal of biological research$h[electronic resource].
=246  3\$aJBR
=246  3\$aJBRT
=260  \\$aThessaloniki :$bSchool of Biology, Aristotle University of Thessaloniki,$c[2004]-
=264  21$32014-$aLondon :$bBioMed Central
=264  31$32022-$aThessaloniki :$bAristotle University of Thessaloniki (AUTH)
=300  \\$a1 online resource
=310  \\$aSemiannual
=336  \\$atext$2rdacontent
=337  \\$acomputer$2rdamedia
=338  \\$aonline resource$2rdacarrier
=362  0\$aVol. 1 (2004)-
=500  \\$aTitle from PDF caption (publisher's Web site, viewed Aug. 26, 2005).
=515  \\$aIssued in two vols. per year. Articles are added continuously as they are accepted for publication.
=538  \\$aMode of access: World Wide Web.
=540  \\$aCurrent Copyright Fee: GBP25.00$c0$5Uk
=588  \\$aLatest issue consulted: volume 30 (2023) (ejournals.lib.auth.gr, viewed August 17, 2021).
=650  \0$aBiology$vPeriodicals.
=650  \0$aBiology, Experimental$vPeriodicals.
=650  12$aBiology$vPeriodicals.
=650  22$aBiological Sciences$vPeriodicals.
=650  \7$aBiology.$2fast$0(OCoLC)fst00832383
=650  \7$aBiology, Experimental.$2fast$0(OCoLC)fst00832511
=655  \7$aPeriodicals.$2fast$0(OCoLC)fst01411641
=710  2\$aAristoteleio Panepistēmio Thessalonikēs.$bTmēma Biologias.
=776  08$iAlso issued in print until 2013 as:$tJournal of biological research$x1790-045X
=852  41$aBritish Library$bHMNTS$jELD Digital store$3Volume 22:Issue 1(2015)-Volume 27:Issue 1(2020)***Previous issues available in print copy
=856  40$3Volumes 1 to 20$uhttp://www.jbr.gr/main/index.htm
=856  40$uhttp://www.jbiolres.com/$xOA-J
=856  40$uhttps://ejournals.lib.auth.gr/jbiolres
=859  \\$aELD$bejournal
=945  \\$aJournal of biological research -London-.
=979  \\$aBritish Library$bDSC$j4953.225000N
=985  \\$aISSN UK Centre note: ROAD OA
=985  \\$aAgreed with IC to leave ISSN responsibility with ISSN Greece because this journal is moving back to Greece in 2022. Portal record updated to show BioMed Central as current publisher but Centre code will remain as Greece (Proofreading, 18/11/21)
=ACF  \\$aPrevious copyright fee: zero$c22\1$e18-jan-2019$fGBP0.00$g0$hP$5Uk
=CAT  \\$a11313$b40$c20140516$lBLL01$h0956
=CAT  \\$a10806$b40$c20140519$lBLL01$h1145
=CAT  \\$a10973$b40$c20151029$lBLL01$h1517
=CAT  \\$a6790$b40$c20151105$lBLL01$h1428
=CAT  \\$a6790$b40$c20151105$lBLL01$h1429
=CAT  \\$a11313$b40$c20151112$lBLL01$h1051
=CAT  \\$a10806$b40$c20151116$lBLL01$h1140
=CAT  \\$aW1711-1005$c20171206$lBLL01$h1827
=CAT  \\$a5552$b40$c20190118$lBLL01$h0906
=CAT  \\$aBATCH-UPD$b40$c20190123$lBLL01$h0053
=CAT  \\$aBLDSS-3PM$b00$c20190130$lBLL01$h1513
=CAT  \\$aBATCH-UPD$b00$c20190130$lBLL01$h1516
=CAT  \\$a12654$b40$c20211111$lBLL01$h1113
=CAT  \\$a10806$b40$c20211118$lBLL01$h0937
=CAT  \\$aIPL-CLA$c20211231$lBLL01$h1546
=CAT  \\$aDEL-3PM$c20220105$lBLL01$h1525
=CAT  \\$aBATCH-CLA$b00$c20221221$lBLL01$h1929
=CAT  \\$aIPL-CLA$c20221231$lBLL01$h1452
=CAT  \\$a8124$b40$c20230817$lBLL01$h1513
=CFI  0\$aCurrent Copyright Fee: GBP25.00$c0$e01-jan-2023$fGBP25.00$g0$hA$5Uk
=CFI  2\$aPrevious copyright fee: GBP22.50$c0$e01-jan-2022$fGBP22.50$g0$hA$5Uk
=FIN  \\$aY$d20140516
=FMT  \\$a  SE
=LAS  \\$a8124$b40$c20230817$lBLL01$h1513
=LET  \0$aJournal of biological research (Electronic)
=SRC  \\$aBLL02
=TOC  \\$aETOC
=UNO  \\$aY

