=LDR  03028cas a2200733 i 4500
=001  016723430
=003  Uk
=005  20230210011158.0
=007  ta
=008  120223c20109999enktr\p\\\\\\\0\\\a0eng\d
=022  \\$a1987-8710
=035  \\$a(OCoLC)846572081
=040  \\$aUkCU$beng$cCUD$dUk$erda
=042  \\$aukblsr
=082  04$a361.3$223
=210  1\$aSoc. policy soc. work transit.
=222  \0$aSocial policy and social work in transition
=245  00$aJournal of social policy and social work in transition.
=246  17$aSocial policy and social work in transition
=264  \1$aTbilisi :$bIntelecti Publishers,$c[2010]-
=264  31$aLondon :$bWhiting & Birch,$32012-
=300  \\$c21 cm.
=310  \\$aThree times a year
=321  \\$aSemiannual
=336  \\$atext$2rdacontent
=337  \\$aunmediated$2rdamedia
=338  \\$avolume$2rdacarrier
=362  1\$aBegan with: Volume 1, issue 1 (2010).
=500  \\$a"The first two volumes were published under the auspices of Tbilisi State University". -- Editorial.
=540  \\$aCurrent Copyright Fee: GBP15.00$c0$5Uk
=588  \\$aDescription based on: Volume 3, issue 1 (2012).
=588  \\$aLatest issue consulted: Volume 3, issue 1 (2012).
=650  \0$aSocial service$vPeriodicals.
=650  \0$aSocial policy$vPeriodicals.
=690  7\$aSocial Welfare$2blcoll
=710  2\$aTʿbilisis saxelmcipʿo universiteti.
=776  08$iAlso issued online as:$tJournal of social policy and social work in transition$x2049-8330
=852  41$aBritish Library$bHMNTS$jZK.9.a.14098$3Vol. 3, issue 1 (2012)-v. 3, issue 2 (2013)
=985  \\$aISSN responsibility transfer pending - see Richard (Leeds) (20/05/14)
=ACF  \\$aPrevious Copyright Fee: GBP15.00$c0$e01-jul-2014$fGBP15.00$g0$hC$5Uk
=ACF  \\$aPrevious Copyright Fee: GBP120.00$c0$e01-apr-2021$fGBP120.00$g0$hC$5Uk
=ACF  \\$aPrevious Copyright Fee: GBP15.00$c0$e01-jan-2022$fGBP15.00$g0$hC$5Uk
=CAT  \\$a10806$b40$c20140520$lBLL01$h0827
=CAT  \\$a10806$b40$c20140520$lBLL01$h0834
=CAT  \\$a10806$b40$c20140520$lBLL01$h0846
=CAT  \\$a10806$b40$c20140520$lBLL01$h0925
=CAT  \\$aBATCH-CLA$b00$c20140530$lBLL01$h1706
=CAT  \\$aIPL-CLA$c20140630$lBLL01$h1803
=CAT  \\$aBATCH-SWP$c20140705$lBLL01$h0033
=CAT  \\$aBATCH-UPD$b00$c20151018$lBLL01$h1228
=CAT  \\$aBATCH-CLA$b00$c20210227$lBLL01$h1014
=CAT  \\$aIPL-CLA$c20210331$lBLL01$h1902
=CAT  \\$aBATCH-CLA$b00$c20211203$lBLL01$h0818
=CAT  \\$aIPL-CLA$c20211231$lBLL01$h1734
=CAT  \\$aBATCH-CLA$b00$c20221130$lBLL01$h1452
=CAT  \\$aIPL-CLA$c20221231$lBLL01$h2328
=CAT  \\$aBATCH-CLA$b00$c20230209$lBLL01$h1539
=CAT  \\$aIPL-CLA$c20230210$lBLL01$h0111
=CFI  0\$aCurrent Copyright Fee: GBP15.00$c0$e09-feb-2023$fGBP15.00$g0$hC$5Uk
=CFI  2\$aBritish Library not licensed to copy$c0$e01-jan-2023$hC$iCFP Excluded$5Uk
=FIN  \\$aY$d20140520
=FMT  \\$a  SE
=LAS  \\$aIPL-CLA$b00$c20230210$lBLL01$h0111
=SID  \\$aZ39$bOCLC

