=LDR  01667cas a2200457 i 4500
=001  016748983
=003  Uk
=005  20230522091349.0
=007  ta
=008  140626c20149999enkfr\p\\\\\\\0\\\a0eng\\
=015  \\$aGBB538546$2bnb
=022  \\$a2056-3701
=040  \\$aUk$beng$cUk$erda
=042  \\$aukblsr
=082  04$a332.05$223
=222  \0$aJournal of risk & control$b(Print)
=245  00$aJournal of risk & control.
=246  3\$aJournal of risk and control
=264  \1$aLondon, United Kingdom :$bMega Publishing Limited,$c2014-
=300  \\$billustrations (black and white) ;$c24 cm
=310  \\$aSemiannual
=336  \\$atext$2rdacontent
=337  \\$aunmediated$2rdamedia
=338  \\$avolume$2rdacarrier
=362  0\$aVolume 1, issue 1 (2014)-
=650  \0$aFinance$vPeriodicals.
=650  \0$aFinancial risk management$vPeriodicals.
=690  7\$aManagement and Business Studies$2blcoll
=776  08$iAlso published online as:$tJournal of risk & control$x2056-371X
=852  41$aBritish Library$bHMNTS$jZK.9.a.14532$3Vol. 1, no. 1 (2014)-v. 3, no. 1 (2016); v. 5, no. 1 (2018)
=985  \\$aISSN responsibility passed to ISSN New Zealand - now published by Scientific Press International (New Zealand) (22/05/23)
=CAT  \\$a11315$b40$c20140626$lBLL01$h1412
=CAT  \\$a11130$b40$c20141110$lBLL01$h0903
=CAT  \\$a11205$b40$c20150324$lBLL01$h0945
=CAT  \\$a11205$b40$c20150324$lBLL01$h1042
=CAT  \\$aBATCH-MBS$c20150417$lBLL01$h2109
=CAT  \\$a10806$b40$c20230522$lBLL01$h0913
=FIN  \\$aY$d20150324
=FMT  \\$a  SE
=LAS  \\$a10806$b40$c20230522$lBLL01$h0913
=LET  \0$aJournal of risk & control (Print)

