=LDR  02594cas a2200625 i 4500
=001  016809446
=003  Uk
=005  20231016082542.0
=007  ta
=008  140804c20139999enkfr\p\\\\\\\0\\\a0eng\\
=015  \\$aGBB479481$2bnb
=022  \\$a2056-6158$y2051-655X
=040  \\$aUk$beng$cUk$erda
=042  \\$aukblsr
=082  04$a170.5$223
=222  \0$aJournal of practical ethics$b(Print)
=245  00$aJournal of practical ethics.
=264  \1$aOxford :$b[Oxford Uehiro Centre for Practical Ethics, University of Oxford],$c2013-
=300  \\$c30 cm
=310  \\$aSemiannual
=336  \\$atext$2rdacontent
=337  \\$aunmediated$2rdamedia
=338  \\$avolume$2rdacarrier
=362  0\$avolume 1, number 1 (June 2013)-
=540  \\$aCurrent Copyright Fee: GBP25.00$c0$5Uk
=650  \0$aApplied ethics$vPeriodicals.
=710  2\$aUniversity of Oxford.$bOxford Uehiro Centre for Practical Ethics,$eissuing body.
=776  08$iAlso issued online as:$tJournal of practical ethics$x2051-655X
=852  41$aBritish Library$bHMNTS$jZC.9.b.9849$3Vol. 1, no. 1 (Jun. 2013)-vol. 9, no. 2 (Mar.2022)
=985  \\$aISSN responsibility transfer from UK to U.S. pending - see Richard (16/10/23)
=ACF  \\$aPrevious Copyright Fee: GBP15.00$c0$e01-apr-2017$fGBP15.00$g0$hC$5Uk
=ACF  \\$aPrevious Copyright Fee: GBP17.50$c0$e01-jan-2018$fGBP17.50$g0$hC$5Uk
=ACF  \\$aPrevious Copyright Fee: GBP20.00$c0$e01-jan-2020$fGBP20.00$g0$hC$5Uk
=ACF  \\$aPrevious Copyright Fee: GBP22.50$c0$e01-jan-2021$fGBP22.50$g0$hC$5Uk
=CAT  \\$a5997$b40$c20140804$lBLL01$h1402
=CAT  \\$a11315$b40$c20141107$lBLL01$h1454
=CAT  \\$aBATCH-CLA$b00$c20170228$lBLL01$h1632
=CAT  \\$aIPL-CLA$c20170331$lBLL01$h1920
=CAT  \\$aBATCH-CLA$b00$c20171130$lBLL01$h1716
=CAT  \\$aIPL-CLA$c20171231$lBLL01$h1825
=CAT  \\$aBATCH-CLA$b00$c20191129$lBLL01$h1631
=CAT  \\$aIPL-CLA$c20191231$lBLL01$h2039
=CAT  \\$aBATCH-CLA$b00$c20201126$lBLL01$h1422
=CAT  \\$aIPL-CLA$c20201231$lBLL01$h2341
=CAT  \\$aBATCH-CLA$b00$c20221130$lBLL01$h1501
=CAT  \\$aIPL-CLA$c20221231$lBLL01$h2329
=CAT  \\$aBATCH-CLA$b00$c20230209$lBLL01$h1547
=CAT  \\$aIPL-CLA$c20230210$lBLL01$h0112
=CAT  \\$a10806$b40$c20231016$lBLL01$h0825
=CFI  0\$aCurrent Copyright Fee: GBP25.00$c0$e09-feb-2023$fGBP25.00$g0$hC$5Uk
=CFI  2\$aBritish Library not licensed to copy$c0$e01-jan-2023$hC$iCFP Excluded$5Uk
=FIN  \\$aY$d20140804
=FMT  \\$a  SE
=LAS  \\$a10806$b40$c20231016$lBLL01$h0825
=LET  \0$aJournal of practical ethics (Print)

