=LDR  03039cas a2200721 i 4500
=001  016833740
=003  Uk
=005  20190212095514.0
=006  m\\\\\\\\d\|\\\\\\
=007  cr||||||||||||
=008  140821c20129999enktr\p\o\\\\\0\\\a0eng\\
=015  \\$aGBB771007$2bnb
=022  0\$a2165-2627
=037  \\$a???$bUbiquity Press
=040  \\$aUk$beng$cUk$erda
=042  \\$aukblsr
=082  04$a327.17$223
=222  \0$aStability
=245  00$aStability :$binternational journal of security & development
=246  13$aInternational journal of security and development
=264  \1$aLondon :$bUbiquity Press,$c2012-
=310  \\$aThree issues yearly
=336  \\$atext$2rdacontent
=337  \\$acomputer$2rdamedia
=338  \\$aonline resource$2rdacarrier
=362  0\$aVolume 1 (2012)-
=500  \\$aTitle from journal homepage (publisher's website, viewed April 25, 2017).
=540  \\$aCurrent Copyright Fee: GBP12.30$c0$5Uk
=588  \\$aLatest issue consulted: volume 7, issue 1 (2018) (www.stabilityjournal.org, viewed February 11, 2019).
=650  \0$aSecurity, international$vPeriodicals.
=650  \0$aEconomic development$vPeriodicals.
=852  41$aBritish Library$bHMNTS$jELD Digital store$3Volume 2:Issue 1(2013)-
=856  40$uhttp://www.stabilityjournal.org/$xOA-J
=859  \\$aELD$bejournal
=985  \\$aISSN description based on: Vol. 1, no. 1 (2012); pdf viewed August 21 2014.
=985  \\$aISSN responsibility taken by ISSN UK from US ISSN Center, August 26 2014.
=985  \\$aISSN UK Centre note: ROAD OA
=985  \\$aISSN responsibility switched to ISSN Canada, despite Centre for Security Governance not having published their first issue (Richard (Leeds), 11/02/19)
=ACF  \\$aPrevious Copyright Fee: GBP3.03$c0$e01-oct-2014$fGBP3.03$g0$hC$5Uk
=ACF  \\$aBritish Library not licensed to copy$c0$e01-apr-2015$hC$iCFP Excluded$5Uk
=CAT  \\$a11313$b40$c20140821$lBLL01$h0756
=CAT  \\$a11313$b40$c20140821$lBLL01$h0801
=CAT  \\$a11313$b40$c20140826$lBLL01$h1211
=CAT  \\$aBATCH-CLA$b00$c20140829$lBLL01$h1544
=CAT  \\$aIPL-CLA$c20140930$lBLL01$h1638
=CAT  \\$aBATCH-CLA$b00$c20150227$lBLL01$h1631
=CAT  \\$aIPL-CLA$c20150331$lBLL01$h1729
=CAT  \\$aBATCH-CLA$b00$c20150529$lBLL01$h1528
=CAT  \\$aIPL-CLA$c20150630$lBLL01$h1723
=CAT  \\$aBATCH-CLA$b00$c20150828$lBLL01$h1541
=CAT  \\$aIPL-CLA$c20150930$lBLL01$h1853
=CAT  \\$a10902$b40$c20170105$lBLL01$h1652
=CAT  \\$a5110$b40$c20170425$lBLL01$h1553
=CAT  \\$aW1711-1005$c20171206$lBLL01$h1827
=CAT  \\$a10806$b40$c20190128$lBLL01$h1449
=CAT  \\$a10806$b40$c20190211$lBLL01$h1053
=CAT  \\$a10806$b40$c20190211$lBLL01$h1055
=CAT  \\$a10806$b40$c20190212$lBLL01$h0955
=CFI  0\$aCurrent Copyright Fee: GBP12.30$c0$e01-oct-2015$fGBP12.30$g0$hC$5Uk
=CFI  2\$aPrevious Copyright Fee: GBP30.00$c0$e01-jul-2015$fGBP30.00$g0$hC$5Uk
=FIN  \\$aY$d20140821
=FMT  \\$a  SE
=LAS  \\$a10806$b40$c20190212$lBLL01$h0955

