=LDR  04407cas a2200949 i 4500
=001  016866039
=003  Uk
=005  20221231145254.0
=006  m\\\\\\\\d\|\\\\\\
=007  cr||||||||||||
=008  140912c20119999enktr\p\o\\\\\0\\\a0eng\\
=015  \\$aGBB685270$2bnb
=022  0\$a2056-8487$y1476-1548
=037  \\$aISSN_20464177_21$bPortico$nTaylor & Francis
=040  \\$aUk$beng$cUk$dUk$erda
=082  04$a623.805$222
=210  0\$aJ. mar. eng. technol.$b(Online)
=222  \0$aJournal of marine engineering and technology$b(Online)
=245  00$aJournal of marine engineering and technology.
=246  10$aMarine engineering and technology
=246  13$aProceedings of the Institute of Marine Engineering, Science and Technology
=264  \1$aLondon :$bIMarEST
=264  31$32015-$aAbingdon, Oxfordshire, UK :$bTaylor & Francis
=310  \\$aThree times a year
=336  \\$atext$2rdacontent
=337  \\$acomputer$2rdamedia
=338  \\$aonline resource$2rdacarrier
=540  \\$aCurrent copyright fee: GBP43.00$c2\0$5Uk
=710  2\$aInstitute of Marine Engineering, Science and Technology.
=776  08$iAlso issued in print as:$tJournal of marine engineering and technology$x2046-4177
=852  41$aBritish Library$bHMNTS$jELD Digital store$3Volume 15:Issue 1(2016)-***Previous issues available in print copy
=856  \\$31850-9999$uhttp://www.tandfonline.com/$xBLDSS
=856  40$uhttp://www.ingentaconnect.com/content/imarest/jmet
=859  \\$aELD$bejournal
=945  \\$aJournal of marine engineering and technology.
=979  \\$aBritish Library$cDSC$j5011.775500
=985  \\$aISSN description based on: Volume 10, Number 1 (January 2011) ; title from table of contents (Ingenta Connect, viewed September 12, 2014).
=985  \\$aISSN note: responsibility for ISSN transferred to U.S. as now published by T&F. 23.07.15.
=ACF  \\$aPrevious Copyright Fee: GBP12.30$c0$e01-jan-2015$fGBP12.30$g0$hC$5Uk
=ACF  \\$aPrevious copyright fee: GBP30.00$c2\0$e14-jan-2015$fGBP30.00$g0$hP$5Uk
=ACF  \\$aPrevious copyright fee: GBP34.00$c2\0$e01-jan-2016$fGBP34.00$g0$hP$5Uk
=ACF  \\$aPrevious copyright fee: GBP31.00$c2\0$e01-apr-2016$fGBP31.00$g0$hP$5Uk
=ACF  \\$aPrevious copyright fee: GBP33.00$c2\0$e01-jan-2017$fGBP33.00$g0$hP$5Uk
=ACF  \\$aPrevious copyright fee: GBP35.00$c2\0$e01-jan-2018$fGBP35.00$g0$hP$5Uk
=ACF  \\$aPrevious copyright fee: GBP37.00$c2\0$e01-jan-2019$fGBP37.00$g0$hP$5Uk
=ACF  \\$aPrevious copyright fee: GBP39.00$c2\0$e01-jan-2020$fGBP39.00$g0$hP$5Uk
=CAT  \\$a11316$b40$c20140912$lBLL01$h1125
=CAT  \\$a11315$b40$c20150715$lBLL01$h0807
=CAT  \\$a11315$b40$c20150723$lBLL01$h0816
=CAT  \\$aBATCH-UPD$b40$c20151119$lBLL01$h1536
=CAT  \\$aIPL-CLA$c20151231$lBLL01$h1936
=CAT  \\$a11433$b40$c20160109$lBLL01$h0904
=CAT  \\$a14448$b40$c20160129$lBLL01$h1351
=CAT  \\$a5552$b40$c20160303$lBLL01$h0921
=CAT  \\$aIPL-CLA$c20160331$lBLL01$h1817
=CAT  \\$aBATCH-UPD$b00$c20160413$lBLL01$h1828
=CAT  \\$aBATCH-UPD$b00$c20160530$lBLL01$h0008
=CAT  \\$a3072$b40$c20160621$lBLL01$h1715
=CAT  \\$aBATCH-UPD$b40$c20161122$lBLL01$h1506
=CAT  \\$aIPL-CLA$c20161231$lBLL01$h0019
=CAT  \\$a5552$b40$c20170418$lBLL01$h1350
=CAT  \\$aBATCH-UPD$b40$c20171121$lBLL01$h1656
=CAT  \\$aW1711-1005$c20171206$lBLL01$h1827
=CAT  \\$aIPL-CLA$c20171231$lBLL01$h1826
=CAT  \\$aBATCH-UPD$b00$c20181217$lBLL01$h1645
=CAT  \\$aIPL-CLA$c20181231$lBLL01$h1554
=CAT  \\$aBATCH-UPD$b00$c20191122$lBLL01$h1907
=CAT  \\$aIPL-CLA$c20191231$lBLL01$h2039
=CAT  \\$aBATCH-UPD$b00$c20201118$lBLL01$h1342
=CAT  \\$aIPL-CLA$c20201231$lBLL01$h1533
=CAT  \\$aBATCH-UPD$b00$c20221121$lBLL01$h1341
=CAT  \\$aIPL-CLA$c20221231$lBLL01$h1452
=CFI  0\$aCurrent copyright fee: GBP43.00$c2\0$e01-jan-2023$fGBP43.00$g0$hP$5Uk
=CFI  2\$aPrevious copyright fee: GBP41.00$c2\0$e01-jan-2021$fGBP41.00$g0$hP$5Uk
=FFP  \\$aY$bBLDSS-3PM
=FIN  \\$aY$d20140912
=FMT  \\$a  SE
=LAS  \\$aIPL-CLA$b00$c20221231$lBLL01$h1452
=LET  \0$aJournal of marine engineering and technology (Electronic)
=LKR  \\$aPAR$b015751673$lBLL01$r776$mJournal of marine engineering and technology (Online)$nJournal of marine engineering and technology
=MNI  \\$a2046-4177
=TOC  \\$aETOC

