=LDR  01457 as a2200445 i 4500
=001  016958050
=003  Uk
=005  20160324121026.0
=007  ta
=008  141127c20159999sp\wr\p\\\\\\\0\\\a0eng\\
=015  \\$aGBB556418$2bnb
=022  0\$a2057-424X$y2057-4240
=040  \\$aUk$beng$cUk$erda
=042  \\$aukblsr
=082  04$a636.088905$223
=222  \0$aMy zoo animals
=245  00$aMy zoo animals.
=264  \1$aBarcelona :$bRBA,$c2015-
=300  \\$billustrations (colour) ;$c20 cm +$eAnimal figurines
=310  \\$aWeekly
=336  \\$atext$2rdacontent
=336  \\$athree-dimensional form$2rdacontent
=337  \\$aunmediated$2rdamedia
=338  \\$avolume$2rdacarrier
=338  \\$aobject$2rdacarrier
=362  0\$aIssue 1-
=500  \\$aIssues have individual titles.
=500  \\$aAccompanied by animal figurines.
=500  \\$aBook, 20 cm attached to card holder 40 x 40 cm.
=650  \0$aZoo animals$vPeriodicals$vJuvenile literature.
=852  41$aBritish Library$bHMNTS$jCup.937/1105$3Issue 1 (2015)-Issue 60(2016)
=985  \\$aISSN responsibility taken by ISSN Spain from ISSN UK, May 12 2015.
=CAT  \\$a11315$b40$c20141127$lBLL01$h1147
=CAT  \\$a8124$b40$c20150430$lBLL01$h0939
=CAT  \\$a8124$b40$c20150430$lBLL01$h0941
=CAT  \\$a11313$b40$c20150512$lBLL01$h1041
=CAT  \\$a10973$b40$c20160324$lBLL01$h1210
=FIN  \\$aY$d20150430
=FMT  \\$a  SE
=LAS  \\$a10973$b40$c20160324$lBLL01$h1210

