=LDR  02479cas a2200601 i 4500
=001  017004149
=003  Uk
=005  20150112132542.0
=006  m\\\\\|\\d\|\\\\\\
=007  cr\|||||||||||
=008  150108c19929999enkfr\p\o\\\\\0\\\a0eng\\
=015  \\$aGBB503094$2bnb
=022  0\$a1836-0343
=037  \\$aISSN_10382909$bPortico$nEquinox Publishing
=040  \\$aUk$beng$cUk$erda
=042  \\$aukblsr
=082  04$a781.63$223
=222  \0$aPerfect beat$b(Online)
=245  00$aPerfect beat :$bthe Pacific journal of research into contemporary music and popular culture.
=264  \1$aUmina, N.S.W. :$bP. Hayward,$c1992-
=264  31$32009-$aSheffield :$bEquinox
=310  \\$aSemiannual
=336  \\$atext$2rdacontent
=337  \\$acomputer$2rdamedia
=338  \\$aonline resource$2rdacarrier
=362  1\$aBegan in 1992.
=540  \\$aCurrent Copyright Fee: GBP12.30$c0$5Uk
=588  \\$aDescription based on: vol. 10, no. 1 (2009); title from contents page (Equinox web site, viewed January 8, 2015).
=588  \\$aLatest issue consulted: vol. 14, no. 2 (2013) (Equinox web site, viewed January 8, 2015).
=650  \0$aPopular music$xPeriodicals.
=650  \0$aPopular culture$xPeriodicals.
=650  \0$aPopular music$zPacific Area$xPeriodicals.
=650  \0$aPopular culture$zPacific Area$xPeriodicals.
=710  2\$aMacquarie University.$bDepartment of Contemporary Music Studies.
=776  08$iAlso issued in print as:$tPerfect beat$x1038-2909
=852  41$aBritish Library$bHMNTS$jELD Digital store$3Volume 1:Number 1(1992)-***Previous issues available in print copy
=856  40$uhttp://www.equinoxpub.com/journals/index.php/PB/index
=859  \\$aELD$bejournal
=985  \\$aISSN UK: ISSN responsibility transfer pending from Australia to UK (Richard, 09/01/15)
=CAT  \\$a10806$b40$c20150108$lBLL01$h1507
=CAT  \\$a10806$b40$c20150109$lBLL01$h0823
=CAT  \\$a10806$b40$c20150109$lBLL01$h0829
=CAT  \\$a8411$b40$c20150112$lBLL01$h1325
=CAT  \\$aBATCH-CLA$b00$c20150227$lBLL01$h1632
=CAT  \\$aIPL-CLA$c20150331$lBLL01$h1731
=CAT  \\$aW1711-1005$c20171206$lBLL01$h1827
=CFI  0\$aCurrent Copyright Fee: GBP12.30$c0$e01-apr-2015$fGBP12.30$g0$hC$5Uk
=FIN  \\$aY$d20150108
=FMT  \\$a  SE
=LAS  \\$aW1711-1005$b00$c20171206$lBLL01$h1827
=LET  \0$aPerfect beat (Electronic)
=LKR  \\$aPAR$b005505967$lBLL01$r776$mPerfect beat (Online)$nPerfect beat (Print)
=MNI  \\$a1038-2909

