=LDR  03509cas a2200853 i 4500
=001  017020771
=003  Uk
=005  20230512203758.0
=006  m\\\\\|\\d\|\\\\\\
=007  cr\|||||||||||
=008  150121c20159999gw\mr\p\o\\\\\0\\\a0eng\\
=015  \\$aGBB532633$2bnb
=022  \\$a2199-160X
=037  \\$aISSN_2199160X$bPortico$nWiley
=040  \\$aUk$beng$cUk$erda
=042  \\$aukblsr$aukblsr
=082  04$a537$223
=245  00$aAdvanced Electronic Materials.
=264  \1$aWeinheim, Germany :$bWiley-VCH,$c2015-
=300  \\$billustrations (colour)
=310  \\$aTwelve issues yearly
=336  \\$atext$2rdacontent
=337  \\$acomputer$2rdamedia
=338  \\$aonline resource$2rdacarrier
=362  0\$aVol. 1, no. 1/2 (February 2015)-
=500  \\$aTitle from PDF cover (Wiley Online Library, viewed March 6, 2015).
=540  \\$aCurrent copyright fee: GBP46.00$c35\0$5Uk
=650  \0$aMaterials$xElectric properties$vPeriodicals.
=650  \0$aMaterials science$vPeriodicals.
=650  \0$aMagnetic materials$vPeriodicals.
=650  \0$aElectronic apparatus and appliances$vPeriodicals.
=852  41$aBritish Library$bHMNTS$jELD Digital store$3Volume 1:Number 3(2015:Mar.)-
=852  41$aBritish Library$bDSC$j0696.848400$3Volume 1:Issue 1/2(2015)-Volume 4:Issue 3(2018)***See ESTAR for full holdings.
=856  \\$31850-9999$uhttp://onlinelibrary.wiley.com/$xBLDSS
=856  40$uhttp://onlinelibrary.wiley.com/journal/10.1002/(ISSN)2199-160X
=859  \\$aELD$bejournal
=945  \\$aAdvanced Electronic Materials.
=959  \\$fHeld but not currently received
=979  \\$aBritish Library$bDSC$j0696.848400
=985  \\$aCataloguing note: ISSN record not complete at time of cataloguing (ISSN Germany responsibility). Add 222 Key Title when confirmed (Richard (Leeds), 06/03/15)
=ACF  \\$aBritish Library not licensed to copy$c0$e01-jul-2015$hC$iCFP Excluded$5Uk
=ACF  \\$aPrevious copyright fee: GBP24.00$c35\0$e11-sep-2015$fGBP24.00$g0$hP$5Uk
=ACF  \\$aPrevious copyright fee: GBP28.00$c35\0$e01-jan-2019$fGBP28.00$g0$hP$5Uk
=CAT  \\$a11384$b40$c20150121$lBLL01$h1055
=CAT  \\$a10806$b40$c20150306$lBLL01$h1124
=CAT  \\$a10806$b40$c20150306$lBLL01$h1135
=CAT  \\$a10806$b40$c20150306$lBLL01$h1136
=CAT  \\$aBATCH-CLA$b00$c20150529$lBLL01$h1528
=CAT  \\$aIPL-CLA$c20150630$lBLL01$h1724
=CAT  \\$aBATCH-CLA$b00$c20150828$lBLL01$h1542
=CAT  \\$a8055$b40$c20150911$lBLL01$h1336
=CAT  \\$aBLDSS-3PM$b00$c20150923$lBLL01$h0726
=CAT  \\$aBATCH-UPD$b00$c20160523$lBLL01$h0745
=CAT  \\$aW1711-1005$c20171206$lBLL01$h1828
=CAT  \\$aBATCH-UPD$b00$c20180219$lBLL01$h1757
=CAT  \\$aW1805-0471$c20180520$lBLL01$h1140
=CAT  \\$aBATCH-UPD$b00$c20181121$lBLL01$h1627
=CAT  \\$aIPL-CLA$c20181231$lBLL01$h1554
=CAT  \\$aR1911-0245$c20191127$lBLL01$h0944
=CAT  \\$aR1911-0245$c20191127$lBLL01$h1045
=CAT  \\$aIPL-CLA$c20191231$lBLL01$h2040
=CAT  \\$aW2111-0842$c20211209$lBLL01$h1035
=CAT  \\$aIPL-CLA$c20211231$lBLL01$h1547
=CAT  \\$a5410$b40$c20230512$lBLL01$h2037
=CFI  0\$aCurrent copyright fee: GBP46.00$c35\0$e01-jan-2022$fGBP46.00$g0$hP$5Uk
=CFI  2\$aPrevious Copyright Fee: GBP39.00$c35\0$e01-jan-2020$fGBP39.00$g0$hP$5Uk
=EST  \\$a1
=FFP  \\$aY$bBLDSS-3PM
=FIN  \\$aY$d20150306
=FMT  \\$a  SE
=LAS  \\$a5410$b40$c20230512$lBLL01$h2037
=MNI  \\$a2199-160X
=TOC  \\$aETOC
=UNO  \\$aY

