=LDR  02532cas a2200661 i 4500
=001  017020814
=003  Uk
=005  20191231204036.0
=006  m\\\\\|\\d\|\\\\\\
=007  cr\|||||||||||
=008  150121c20149999gw\mx\p\o\\\\\0\\\a0eng\\
=015  \\$aGBB525017$2bnb
=022  0\$a2198-3844
=037  \\$aISSN_21983844$bPortico$nWiley
=040  \\$aUk$beng$cUk$erda
=042  \\$aukblsr
=082  04$a505$223
=245  00$aAdvanced science.
=264  \1$aWeinheim :$bWiley-VCH,$c2014-
=300  \\$billustrations (black and white, and colour)
=310  \\$aTwelve times a year
=336  \\$atext$2rdacontent
=337  \\$acomputer$2rdamedia
=338  \\$aonline resource$2rdacarrier
=362  0\$aVol. 1, no. 1 (December 2014)-
=500  \\$aTitle from cover (publisher's website, viewed February 26, 2015).
=540  \\$aCurrent Copyright Fee: zero$c35\0$5Uk
=650  \0$aScience$vPeriodicals.
=852  41$aBritish Library$bHMNTS$jELD Digital store$3Volume 1:Number 1(2014)-
=856  \\$31850-9999$uhttp://onlinelibrary.wiley.com/$xBLDSS
=856  40$uhttp://onlinelibrary.wiley.com/journal/10.1002/(ISSN)2198-3844
=859  \\$aELD$bejournal
=945  \\$aAdvanced science.
=979  \\$aBritish Library$bDSC$j0696.926640N
=985  \\$aISSN 2198-3844 is responsibility of ISSN Germany and category 'Free' in Portal @26/02/15. Please add 222 Key Title when confirmed (Richard Brown (Leeds), Serials Cataloguing)
=ACF  \\$aBritish Library not licensed to copy$c0$e01-jul-2015$hC$iCFP Excluded$5Uk
=CAT  \\$a11384$b40$c20150121$lBLL01$h1132
=CAT  \\$a10806$b40$c20150226$lBLL01$h1144
=CAT  \\$a10806$b40$c20150226$lBLL01$h1146
=CAT  \\$aBATCH-CLA$b00$c20150529$lBLL01$h1528
=CAT  \\$aIPL-CLA$c20150630$lBLL01$h1724
=CAT  \\$aBATCH-CLA$b00$c20150828$lBLL01$h1542
=CAT  \\$aIPL-CLA$c20150930$lBLL01$h1854
=CAT  \\$aW1711-1005$c20171205$lBLL01$h2213
=CAT  \\$a5552$b40$c20190320$lBLL01$h1141
=CAT  \\$aBLDSS-3PM$b00$c20190402$lBLL01$h0930
=CAT  \\$aBATCH-UPD$b00$c20190402$lBLL01$h0938
=CAT  \\$aR1911-0245$c20191127$lBLL01$h1037
=CAT  \\$aIPL-CLA$c20191231$lBLL01$h2040
=CFI  0\$aCurrent Copyright Fee: zero$c35\0$e01-jan-2020$fGBP0.00$g0$hP$5Uk
=CFI  2\$aPrevious copyright fee: GBP28.00$c35\0$e20-mar-2019$fGBP28.00$g0$hP$5Uk
=FFP  \\$aY$bBLDSS-3PM
=FIN  \\$aY$d20150226
=FMT  \\$a  SE
=LAS  \\$aIPL-CLA$b00$c20191231$lBLL01$h2040
=MNI  \\$a2198-3844
=TOC  \\$aETOC
=UNO  \\$aY

