=LDR  03345cas a2200793 i 4500
=001  017021882
=003  Uk
=005  20191231204038.0
=006  m\\\\\|\\d\|\\\\\\
=007  cr\|||||||||||
=008  150122c19919999xxuar\\\o\\\\\1\\\a0eng\\
=015  \\$aGBB540540$2bnb
=022  \\$a2334-5837
=037  \\$aISSN_23345837$bPortico$nWiley
=040  \\$aUk$beng$cUk$erda
=042  \\$aukblsr
=082  04$a620.0011$223
=245  00$aINCOSE International Symposium.
=246  3\$aInternational Council on Systems Engineering international symposium
=264  \1$a[United States] :$bWiley
=310  \\$aAnnual
=336  \\$atext$2rdacontent
=337  \\$acomputer$2rdamedia
=338  \\$aonline resource$2rdacarrier
=362  0\$aVolume 1, issue 1 (October 1991)-
=500  \\$aTitle from journal homepage (Wiley Online Library, viewed March 19, 2015).
=540  \\$aCurrent Copyright Fee: GBP32.00$c35\0$5Uk
=588  \\$aLatest issue consulted: volume 24, issue 1 (July 2014) (Wiley Online Library, viewed March 19, 2015).
=650  \0$aSystems engineering$vCongresses.
=650  \0$aSystems engineering$vPeriodicals.
=710  2\$aInternational Council on Systems Engineering,$eissuing body.
=710  2\$aInternational Council on Systems Engineering.$bAnnual International Symposium.
=852  41$aBritish Library$bHMNTS$jELD Digital store$3Volume 23:Issue 1(2013)-
=856  \\$31850-9999$uhttp://onlinelibrary.wiley.com/$xBLDSS
=856  40$uhttp://onlinelibrary.wiley.com/journal/10.1002/(ISSN)2334-5837
=859  \\$aELD$bejournal
=945  \\$aINCOSE International Symposium.
=979  \\$aBritish Library$bDSC$j4375.572600N
=985  \\$aISSN 2334-5837 is work status @26/03/15 and U.S. responsibility. Please add 222 Key Title when ISSN record has been completed (Richard Brown (Leeds), 26/03/15)
=ACF  \\$aPrevious Copyright Fee: GBP24.00$c0$e01-oct-2015$fGBP24.00$g0$hC$5Uk
=ACF  \\$aBritish Library not licensed to copy$c0$e01-jul-2015$hC$iCFP Excluded$5Uk
=ACF  \\$aPrevious Copyright Fee: GBP24.00$c35\0$e21-nov-2018$fGBP24.00$g0$hP$5Uk
=CAT  \\$a11384$b40$c20150122$lBLL01$h1416
=CAT  \\$a10806$b40$c20150319$lBLL01$h1206
=CAT  \\$a10806$b40$c20150326$lBLL01$h0801
=CAT  \\$a10806$b40$c20150326$lBLL01$h0814
=CAT  \\$a10806$b40$c20150326$lBLL01$h0817
=CAT  \\$aBATCH-CLA$b00$c20150529$lBLL01$h1528
=CAT  \\$aIPL-CLA$c20150630$lBLL01$h1724
=CAT  \\$aBATCH-CLA$b00$c20150828$lBLL01$h1542
=CAT  \\$aIPL-CLA$c20150930$lBLL01$h1854
=CAT  \\$aW1711-1005$c20171206$lBLL01$h1828
=CAT  \\$a8871$b40$c20180907$lBLL01$h1444
=CAT  \\$a5552$b40$c20181121$lBLL01$h1048
=CAT  \\$aBLDSS-3PM$b00$c20181126$lBLL01$h1511
=CAT  \\$aBATCH-UPD$b00$c20181126$lBLL01$h1514
=CAT  \\$aIPL-CLA$c20181231$lBLL01$h1554
=CAT  \\$aR1911-0245$c20191127$lBLL01$h0823
=CAT  \\$aR1911-0245$c20191127$lBLL01$h1045
=CAT  \\$aIPL-CLA$c20191231$lBLL01$h2040
=CFI  0\$aCurrent Copyright Fee: GBP32.00$c35\0$e01-jan-2020$fGBP32.00$g0$hP$5Uk
=CFI  2\$aPrevious Copyright Fee: GBP28.00$c35\0$e01-jan-2019$fGBP28.00$g0$hP$5Uk
=FFP  \\$aY$bBLDSS-3PM
=FIN  \\$aY$d20150326
=FMT  \\$a  SE
=LAS  \\$aIPL-CLA$b00$c20191231$lBLL01$h2040
=MNI  \\$a2334-5837
=TOC  \\$aETOC
=UNO  \\$aY

