=LDR  01950 as a2200529 i 4500
=001  017021905
=003  Uk
=005  20160505143416.0
=006  m\\\\\|\\d\|\\\\\\
=007  cr\|||||||||||
=008  150122c20169999njuqr\p\o\\\\\0\\\a0eng\\
=015  \\$aGBB664029$2bnb
=022  \\$a2375-2920
=037  \\$aISSN_23752920$bPortico$nWiley
=040  \\$aUk$beng$cUk$erda
=042  \\$aukblsr
=082  04$a571.6$223
=245  00$aInside the cell.
=264  \1$a[Hoboken, New Jersey] :$bWiley Periodicals, Inc.,$c2016-
=310  \\$aQuarterly
=336  \\$atext$2rdacontent
=337  \\$acomputer$2rdamedia
=338  \\$aonline resource$2rdacarrier
=362  0\$aVolume 1, issue 1 (January 2016)-
=500  \\$aTitle from editorial PDF (Wiley Online Library, viewed May 5, 2016).
=540  \\$aCurrent Copyright Fee: GBP22.58$c0$5Uk
=650  \0$aCytology$vPeriodicals.
=650  \0$aCells$vPeriodicals.
=852  41$aBritish Library$bHMNTS$jELD Digital store$3Volume 1:Number 1(2016:Jan.)-Volume 1:Number 2(2016:Apr.)
=856  40$uhttp://onlinelibrary.wiley.com/journal/10.1002/(ISSN)2375-2920
=859  \\$aELD$bejournal
=985  \\$aISSN 2375-2920 not yet completed (U.S. Center responsibility)
=CAT  \\$a11384$b40$c20150122$lBLL01$h1431
=CAT  \\$aBATCH-CLA$b00$c20150529$lBLL01$h1528
=CAT  \\$aIPL-CLA$c20150630$lBLL01$h1724
=CAT  \\$aBATCH-CLA$b00$c20150828$lBLL01$h1542
=CAT  \\$aIPL-CLA$c20150930$lBLL01$h1854
=CAT  \\$a10806$b40$c20160505$lBLL01$h1432
=CAT  \\$a10806$b40$c20160505$lBLL01$h1433
=CAT  \\$a10806$b40$c20160505$lBLL01$h1434
=CAT  \\$aW1711-1005$c20171206$lBLL01$h1828
=CFI  0\$aCurrent Copyright Fee: GBP22.58$c0$e01-oct-2015$fGBP22.58$g0$hC$5Uk
=CFI  2\$aBritish Library not licensed to copy$c0$e01-jul-2015$hC$iCFP Excluded$5Uk
=FIN  \\$aY$d20160505
=FMT  \\$a  SE
=LAS  \\$aW1711-1005$b00$c20171206$lBLL01$h1828
=MNI  \\$a2375-2920

