=LDR  01584 as a2200397 i 4500
=001  017085213
=003  Uk
=005  20150702154652.0
=007  ta
=008  150227c20139999fr\sr\p\\\\\\\0\\\a0eng\\
=015  \\$aGBB527771$2bnb
=022  0\$a2058-7333
=040  \\$aUk$beng$cUk$erda
=042  \\$aukblsr
=082  04$a820.80092$223
=222  \0$aBelleville Park pages
=245  00$aBelleville Park pages :$bfresh writing by contemporary writers.
=264  \1$aParis ;$aLondon :$b[Belleville Park Pages],$c[2013]-
=300  \\$c30 x 42 cm, folded to 15 x 11 cm
=310  \\$aSemimonthly
=336  \\$atext$2rdacontent
=337  \\$aunmediated$2rdamedia
=338  \\$avolume$2rdacarrier
=362  1\$aBegan with page 1 in 2013.
=588  \\$aDescription based on: page 31 (late January 2015).
=650  \0$aEnglish literature$y21st century$vPeriodicals.
=852  41$aBritish Library$bHMNTS$jZK.9.a.14518$3Issue 7 (2013), issue 8 (2013), issue 11 (2013), issue 12 (2014), issue 14 (2014), issue 15 (2014), issue 17 (2014)- issue 19 (2014), issue 22 (2014)- issue 32 (2015), issue 34 (2015)- issue 38 (2015)
=985  \\$aISSN UK Centre note: Responsibility transferred to ISSN France 2.7.15 (work status record to be completed by French Centre).
=CAT  \\$a11315$b40$c20150227$lBLL01$h0859
=CAT  \\$a11205$b40$c20150303$lBLL01$h0901
=CAT  \\$a10973$b40$c20150603$lBLL01$h0748
=CAT  \\$a10973$b40$c20150701$lBLL01$h1646
=CAT  \\$a10973$b40$c20150702$lBLL01$h1546
=FIN  \\$aY$d20150227
=FMT  \\$a  SE
=LAS  \\$a10973$b40$c20150702$lBLL01$h1546

