=LDR  02177cas a22005177i 4500
=001  017110588
=003  Uk
=005  20221231145329.0
=007  ta
=008  150313c20119999arufr\p\\\\\\\0\\\a0eng\\
=022  0\$a2162-3104
=040  \\$aUk$beng$cUk$erda
=222  \0$aJournal of international students
=245  00$aJournal of international students.
=264  \1$aJonesboro, AR :$bNepalese Student Association at Arkansas State University
=310  \\$aSemiannual
=336  \\$atext$2rdacontent
=337  \\$aunmediated$2rdamedia
=338  \\$avolume$2rdacarrier
=540  \\$aCurrent Copyright Fee: GBP25.00$c0$5Uk
=776  08$iAlso issued online as:$tJournal of international students$x2166-3750
=852  41$aBritish Library$bDSC$j5007.686480
=945  \\$aJournal of international students
=959  \\$fHeld but not currently received
=985  \\$aDSC minimal record created in anticipation of first printed copy due 2015. (Record created on basis of ISSN record (U.S. responsibility) (Richard, Leeds, 13/03/15)
=ACF  \\$aPrevious copyright fee: GBP12.00$c0$e16-mar-2015$fGBP12.00$g0$hA$5Uk
=ACF  \\$aPrevious copyright fee: GBP17.50$c0$e03-jan-2018$fGBP17.50$g0$hA$5Uk
=ACF  \\$aPrevious Copyright Fee: GBP20.00$c0$e01-jan-2020$fGBP20.00$g0$hA$5Uk
=CAT  \\$a10806$b40$c20150313$lBLL01$h1558
=CAT  \\$a8335$b40$c20150316$lBLL01$h1020
=CAT  \\$a8335$b40$c20150316$lBLL01$h1026
=CAT  \\$a8335$b40$c20170614$lBLL01$h1401
=CAT  \\$a5552$b40$c20180103$lBLL01$h1323
=CAT  \\$aBATCH-CLA$b00$c20191219$lBLL01$h1802
=CAT  \\$aIPL-CLA$c20191231$lBLL01$h2040
=CAT  \\$aR2001-1524$c20200127$lBLL01$h2105
=CAT  \\$aBATCH-CLA$b00$c20201204$lBLL01$h1614
=CAT  \\$aIPL-CLA$c20201231$lBLL01$h1533
=CAT  \\$aBATCH-CLA$b00$c20221221$lBLL01$h1931
=CAT  \\$aIPL-CLA$c20221231$lBLL01$h1453
=CFI  0\$aCurrent Copyright Fee: GBP25.00$c0$e01-jan-2023$fGBP25.00$g0$hA$5Uk
=CFI  2\$aPrevious Copyright Fee: GBP22.50$c0$e01-jan-2021$fGBP22.50$g0$hA$5Uk
=FMT  \\$a  SE
=LAS  \\$aIPL-CLA$b00$c20221231$lBLL01$h1453
=LET  \0$aJournal of international students (Print)
=TOC  \\$aETOC

