=LDR  04762cas a2201045 i 4500
=001  017411366
=003  Uk
=005  20220930142955.0
=006  m\\\\\\\\d\|\\\\\\
=007  cr||||||||||||
=008  150624c20149999ii\fr\p\\\\\\\0\\\a0eng\\
=022  0\$a2349-3011$l2349-3003
=040  \\$aUk$beng$cUk$erda
=042  \\$aukblsr
=082  04$a362.7320954$223
=222  \0$aInstitutionalised children exploration and beyond$b(Online)
=245  00$aInstitutionalised children: explorations and beyond.
=246  13$aICEB
=264  \1$aNew Delhi :$bUdayan Care$c2014-
=264  31$32020-$a[New Delhi ;$aLondon] :$bSAGE
=310  \\$aSemiannual
=336  \\$atext$2rdacontent
=337  \\$acomputer$2rdamedia
=338  \\$aonline resource$2rdacarrier
=362  0\$aVolume 1, issue 1 (March 2014)-
=500  \\$aTitle from journal home page (Sage Journals, viewed March 11, 2021).
=540  \\$aCurrent copyright fee: GBP23.75$c90\0$5Uk
=588  \\$aLatest issue consulted: volume 8, issue 1 (March 2021) (viewed March 11, 2021).
=650  \0$aChildren$xInstitutional care$zSouth Asia$vPeriodicals.
=650  \0$aChild care services$zSouth Asia$vPeriodicals.
=650  \0$aChildren$xInstitutional care$vPeriodicals.
=650  \0$aChild care services$vPeriodicals.
=690  7\$aSocial Welfare$2blcoll
=710  2\$aUdayan Care (Organisation)
=852  41$aBritish Library$bHMNTS$jELD Digital store$3Volume 1:Issue 1(2014)-
=856  40$uhttps://journals.sagepub.com/loi/ICB
=856  4\$31850-9999$uhttp://www.indianjournals.com/ijor.aspx$xBLDSS
=859  \\$aELD$bejournal
=945  \\$aInstitutionalised children exploration and beyond
=979  \\$aBritish Library$bDSC$j4523.351650N
=985  \\$a3rd party access title for Remote supply please retain as base record when merging/deleting
=985  \\$aISSN responsibility transfer from India to UK pending (Richard, 04/11/21)
=ACF  \\$aPrevious copyright fee: GBP18.06$c90\0$e24-jun-2015$fGBP18.06$g0$hP$5Uk
=ACF  \\$aPrevious copyright fee: GBP18.67$c90\0$e01-jul-2015$fGBP18.67$g0$hP$5Uk
=ACF  \\$aPrevious copyright fee: GBP18.39$c90\0$e01-oct-2015$fGBP18.39$g0$hP$5Uk
=ACF  \\$aPrevious copyright fee: GBP19.66$c90\0$e01-apr-2016$fGBP19.66$g0$hP$5Uk
=ACF  \\$aPrevious copyright fee: GBP21.11$c90\0$e01-oct-2016$fGBP21.11$g0$hP$5Uk
=ACF  \\$aPrevious copyright fee: GBP22.80$c90\0$e01-apr-2017$fGBP22.80$g0$hP$5Uk
=ACF  \\$aPrevious copyright fee: GBP21.92$c90\0$e01-oct-2017$fGBP21.92$g0$hP$5Uk
=ACF  \\$aPrevious copyright fee: GBP20.36$c90\0$e01-apr-2018$fGBP20.36$g0$hP$5Uk
=ACF  \\$aPrevious copyright fee: GBP21.92$c90\0$e01-oct-2018$fGBP21.92$g0$hP$5Uk
=ACF  \\$aPrevious copyright fee: GBP22.80$c90\0$e01-oct-2019$fGBP22.80$g0$hP$5Uk
=ACF  \\$aPrevious copyright fee: GBP21.92$c90\0$e01-apr-2020$fGBP21.92$g0$hP$5Uk
=ACF  \\$aPrevious copyright fee: GBP22.80$c90\0$e01-jul-2020$fGBP22.80$g0$hP$5Uk
=ACF  \\$aPrevious copyright fee: GBP21.11$c90\0$e01-apr-2021$fGBP21.11$g0$hP$5Uk
=ACF  \\$aPrevious copyright fee: GBP20.36$c90\0$e07-jul-2021$fGBP20.36$g0$hP$5Uk
=CAT  \\$a5552$b40$c20150624$lBLL01$h1556
=CAT  \\$aBATCH-UPD$b00$c20180223$lBLL01$h2005
=CAT  \\$aIPL-CLA$c20180331$lBLL01$h1712
=CAT  \\$aBATCH-UPD$b00$c20180823$lBLL01$h2015
=CAT  \\$aIPL-CLA$c20180930$lBLL01$h1518
=CAT  \\$aBATCH-UPD$b00$c20190829$lBLL01$h1621
=CAT  \\$a5508$b40$c20190911$lBLL01$h1440
=CAT  \\$a5508$b40$c20190911$lBLL01$h1445
=CAT  \\$a14586$b40$c20190917$lBLL01$h0948
=CAT  \\$aIPL-CLA$c20190930$lBLL01$h1654
=CAT  \\$aBATCH-UPD$b00$c20200219$lBLL01$h1621
=CAT  \\$aIPL-CLA$c20200331$lBLL01$h1632
=CAT  \\$aBATCH-UPD$b00$c20200522$lBLL01$h1546
=CAT  \\$aIPL-CLA$c20200701$lBLL01$h0118
=CAT  \\$aBATCH-UPD$b00$c20210226$lBLL01$h1127
=CAT  \\$a8323$b40$c20210311$lBLL01$h0929
=CAT  \\$a8871$b40$c20210311$lBLL01$h1304
=CAT  \\$aBATCH-SWP$c20210319$lBLL01$h2217
=CAT  \\$aIPL-CLA$c20210331$lBLL01$h1703
=CAT  \\$aBATCH-UPD$b00$c20210707$lBLL01$h1651
=CAT  \\$aIPL-CLA$c20210707$lBLL01$h1845
=CAT  \\$a10806$b40$c20211104$lBLL01$h1131
=CAT  \\$aBATCH-UPD$b40$c20220520$lBLL01$h1736
=CAT  \\$aIPL-CLA$c20220630$lBLL01$h1540
=CAT  \\$aBATCH-UPD$b00$c20220824$lBLL01$h0953
=CAT  \\$aIPL-CLA$c20220930$lBLL01$h1429
=CFI  0\$aCurrent copyright fee: GBP23.75$c90\0$e01-oct-2022$fGBP23.75$g0$hP$5Uk
=CFI  2\$aPrevious copyright fee: GBP22.80$c90\0$e01-jul-2022$fGBP22.80$g0$hP$5Uk
=FFP  \\$aY$bBLDSS-3PM
=FIN  \\$aY$d20210311
=FMT  \\$a  SE
=LAS  \\$aIPL-CLA$b00$c20220930$lBLL01$h1429
=TOC  \\$aETOC
=UNO  \\$aY

