=LDR  04772cas a22009977i 4500
=001  017412058
=003  Uk
=005  20230811091255.0
=006  m\\\\\\\\d\|\\\\\\
=007  cr||||||||||||
=008  150625c20049999enkfr\j\\\\\\\0\\\a0eng\\
=022  0\$a0974-1852$l0972-8031
=037  \\$aISSN_09728031_75$bPortico$nEmerald
=040  \\$aUk$beng$cUk$erda
=210  0\$aLBS j. manag. res.$b(Online)
=222  \0$aLBS journal of management & research$b(Online)
=245  00$aLBS journal of management & research.
=246  3\$aLal Bahadur Shastri journal of management and research
=264  \1$aNew Delhi :$bLal Bahadur Shastri Institute of Management$c2004-
=264  31$32022-$aBingley :$bEmerald Publishing Limited
=310  \\$aSemiannual
=336  \\$atext$2rdacontent
=337  \\$acomputer$2rdamedia
=338  \\$aonline resource$2rdacarrier
=540  \\$aCurrent copyright fee: GBP23.75$c90\0$5Uk
=588  \\$aISSN description based on Portal record.
=588  \\$aISSN latest issue consulted: volume 20, issue 1/2 (2022) (Emerald Insight, viewed August 2, 2023).
=710  2\$aLal Bahadur Shastri Institute of Management (New Delhi, India),$eissuing body.
=776  0\$tLBS Journal of Management & Research (Print)$x0972-8031
=852  41$aBritish Library$bHMNTS$jELD Digital store$3Volume 20:Issue 1/2(2022)-
=856  4\$31850-9999$uhttp://www.indianjournals.com/ijor.aspx$xBLDSS
=856  40$uhttps://www.emerald.com/insight/publication/issn/0972-8031
=859  \\$aELD$bejournal
=945  \\$aLBS Journal of Management and Research.
=979  \\$aBritish Library$bDSC$j5162.214500N
=985  \\$a3rd party access title for Remote supply please retain as base record when merging/deleting
=985  \\$aISSN UK Centre: transfer of responsibility request sent to ISSN India 11/8/23 DLW. Emerald have confirmed they are not publishing a print format version.
=ACF  \\$aPrevious copyright fee: GBP18.06$c90\0$e12-jun-2015$fGBP18.06$g0$hP$5Uk
=ACF  \\$aPrevious copyright fee: GBP18.67$c90\0$e01-jul-2015$fGBP18.67$g0$hP$5Uk
=ACF  \\$aPrevious copyright fee: GBP18.39$c90\0$e01-oct-2015$fGBP18.39$g0$hP$5Uk
=ACF  \\$aPrevious copyright fee: GBP19.66$c90\0$e01-apr-2016$fGBP19.66$g0$hP$5Uk
=ACF  \\$aPrevious copyright fee: GBP21.11$c90\0$e01-oct-2016$fGBP21.11$g0$hP$5Uk
=ACF  \\$aPrevious copyright fee: GBP22.80$c90\0$e01-apr-2017$fGBP22.80$g0$hP$5Uk
=ACF  \\$aPrevious copyright fee: GBP21.92$c90\0$e01-oct-2017$fGBP21.92$g0$hP$5Uk
=ACF  \\$aPrevious copyright fee: GBP20.36$c90\0$e01-apr-2018$fGBP20.36$g0$hP$5Uk
=ACF  \\$aPrevious copyright fee: GBP21.92$c90\0$e01-oct-2018$fGBP21.92$g0$hP$5Uk
=ACF  \\$aPrevious copyright fee: GBP22.80$c90\0$e01-oct-2019$fGBP22.80$g0$hP$5Uk
=ACF  \\$aPrevious copyright fee: GBP21.92$c90\0$e01-apr-2020$fGBP21.92$g0$hP$5Uk
=ACF  \\$aPrevious copyright fee: GBP22.80$c90\0$e01-jul-2020$fGBP22.80$g0$hP$5Uk
=ACF  \\$aPrevious copyright fee: GBP21.11$c90\0$e01-apr-2021$fGBP21.11$g0$hP$5Uk
=ACF  \\$aPrevious copyright fee: GBP20.36$c90\0$e07-jul-2021$fGBP20.36$g0$hP$5Uk
=CAT  \\$a5552$b40$c20150625$lBLL01$h1545
=CAT  \\$aIPL-CLA$c20170929$lBLL01$h1808
=CAT  \\$aBATCH-UPD$b00$c20180223$lBLL01$h2005
=CAT  \\$aIPL-CLA$c20180331$lBLL01$h1712
=CAT  \\$aBATCH-UPD$b00$c20180823$lBLL01$h2015
=CAT  \\$aIPL-CLA$c20180930$lBLL01$h1518
=CAT  \\$aBATCH-UPD$b00$c20190829$lBLL01$h1621
=CAT  \\$aIPL-CLA$c20190930$lBLL01$h1654
=CAT  \\$aBATCH-UPD$b00$c20200219$lBLL01$h1621
=CAT  \\$aIPL-CLA$c20200331$lBLL01$h1633
=CAT  \\$aBATCH-UPD$b00$c20200522$lBLL01$h1546
=CAT  \\$aIPL-CLA$c20200701$lBLL01$h0118
=CAT  \\$aBATCH-UPD$b00$c20210226$lBLL01$h1127
=CAT  \\$aIPL-CLA$c20210331$lBLL01$h1703
=CAT  \\$aBATCH-UPD$b00$c20210707$lBLL01$h1651
=CAT  \\$aIPL-CLA$c20210707$lBLL01$h1845
=CAT  \\$aBATCH-UPD$b00$c20220520$lBLL01$h1736
=CAT  \\$aIPL-CLA$c20220630$lBLL01$h1540
=CAT  \\$aBATCH-UPD$b00$c20220824$lBLL01$h0953
=CAT  \\$aIPL-CLA$c20220930$lBLL01$h1429
=CAT  \\$a11450$b40$c20230131$lBLL01$h0824
=CAT  \\$a10983$b40$c20230207$lBLL01$h0902
=CAT  \\$a10983$b40$c20230207$lBLL01$h0904
=CAT  \\$a10973$b40$c20230802$lBLL01$h0933
=CAT  \\$a10973$b40$c20230802$lBLL01$h0934
=CAT  \\$a10973$b40$c20230811$lBLL01$h0912
=CFI  0\$aCurrent copyright fee: GBP23.75$c90\0$e01-oct-2022$fGBP23.75$g0$hP$5Uk
=CFI  2\$aPrevious copyright fee: GBP22.80$c90\0$e01-jul-2022$fGBP22.80$g0$hP$5Uk
=FFP  \\$aY$bBLDSS-3PM
=FIN  \\$aY$d20230802
=FMT  \\$a  SE
=LAS  \\$a10973$b40$c20230811$lBLL01$h0912
=MNI  \\$a0972-8031
=TOC  \\$aETOC
=UNO  \\$aY

