=LDR  01209cas a22003137i 4500
=001  017447807
=003  Uk
=005  20150715105636.0
=007  ta
=008  150715c20079999enkuu\m\\\\\\\0\\\a0mul\\
=022  0\$a1864-273X
=040  \\$aUk$beng$cUk$erda
=210  0\$aStud. Fr.-Ir. relat.
=222  \0$aStudies in Franco-Irish relations
=245  00$aStudies in Franco-Irish relations.
=264  \1$aBruxelles ;$aWien ;$aFrankfurt am Main ;$aOxford ;$aNew York ;$aBerlin ;$aBern :$bLang
=264  31$aOxford :$bPeter Lang
=336  \\$atext$2rdacontent
=337  \\$aunmediated$2rdamedia
=338  \\$avolume$2rdacarrier
=710  2\$aNational Centre for Franco-Irish Studies (Ireland)
=852  41$aBritish Library$bHMNTS
=985  \\$aISSN UK note: This ISSN is currently under ISSN Germany responsibility. This title is due to transfer to Peter Lang (Oxford) with volume 8. Please contact ISSN Germany when volume 8 is received. (See sent items 15/07/15, Richard 15/07/15)
=CAT  \\$a10806$b40$c20150715$lBLL01$h1051
=CAT  \\$a10806$b40$c20150715$lBLL01$h1056
=FIN  \\$aY$d20150715
=FMT  \\$a  SE
=LAS  \\$a10806$b40$c20150715$lBLL01$h1056
=LET  \0$aStudies in Franco-Irish relations

