=LDR  04606cas a2201021 a 4500
=001  017458681
=003  Uk
=005  20221231145340.0
=006  m\\\\\o\\d\\\\\\\\
=007  cr\|||||||||||
=008  100507c19729999sz\\x\p\o\\\\\0\\\a0eng\c
=010  \\$a  2011264084
=015  \\$aGBB5F3310$2bnb
=022  0\$a2107-6952
=037  \\$a???$bBioMed Central
=040  \\$aOCLCE$beng$cOCLCE$dUPM$dCUS$dOCLCQ$dOCLCF$dOCLCA$dOCLCO$dVT2$dUk
=042  \\$aukblsr
=050  \4$aRA421$b.P92
=060  \4$aW1$bPU547
=082  04$a614.05$223
=210  0\$aPublic health rev.$b(Online)
=222  \0$aPublic health reviews$b(Online)
=245  00$aPublic health reviews$h[electronic resource].
=260  \\$aTel Aviv, Israel :$bTechnosdar,$c1972-
=260  2\$32010- :$a[Rennes, France] :$bPresses de l'EHESP
=264  21$32015-2020$aLondon :$bBioMed Central
=264  31$a[Lausanne] :$bFrontiers
=310  \\$aAnnual,$b2013-
=321  \\$aSemiannual,$b2010-2012
=321  \\$aQuarterly,$b1972-2003
=336  \\$atext$2rdacontent
=337  \\$acomputer$2rdamedia
=338  \\$aonline resource$2rdacarrier
=362  1\$aPrint began publication with Vol. 1 (1972).
=515  \\$aNone published between 2003-2010.
=515  \\$aFrom 2015- , articles are added on an individual basis as accepted and archived in an annual volume.
=538  \\$aMode of access: World Wide Web.
=540  \\$aCurrent Copyright Fee: GBP25.00$c0$5Uk
=550  \\$aResumed publication in print and electronic formats in 2010 under the auspices of the Ecole des hautes études en santé publique in Rennes, France.
=550  \\$aFrom <2015- >, published on behalf of: The Association of Schools of Public Health in the European Region (ASPHER).
=588  \\$aDescription based on print version record.
=588  \\$aLatest issue consulted: articles dated Jan 29, 2021 (Swiss School of Public Health website, viewed February 5, 2021).
=650  \0$aPublic health$vPeriodicals.
=650  \2$aPublic Health$vPeriodicals.
=650  \7$aPublic health.$2fast$0(OCoLC)fst01082238
=655  \7$aPeriodicals.$2fast$0(OCoLC)fst01411641
=710  2\$aÉcole des hautes études en santé publique (France)
=710  2\$aAssociation of Schools of Public Health in the European Region.
=710  2\$aSwiss School of Public Health (Switzerland)
=776  08$iAlso issued in print as:$tPublic health reviews$x0301-0422
=780  00$tPublic health reviews$x0301-0422
=852  41$aBritish Library$bHMNTS$jELD Digital store$3Volume 32:Issue 1(2010)-Volume 41:Issue 1(2020)
=856  40$3Issues published by EHESP:$uhttp://www.publichealthreviews.eu/
=856  40$uhttp://www.publichealthreviews.net/$xOA-J
=856  40$uhttps://www.ssph-journal.org/journals/public-health-reviews
=859  \\$aELD$bejournal
=945  \\$aPublic health reviews.
=979  \\$aBritish Library$bDSC$j6966.300000
=985  \\$aISSN description based on Portal record. Responsibility transferred from ISSN France 27.7.15.
=985  \\$aISSN UK Centre note: 780 field added in order for record to link correctly with ISSN France's record for print version of the title.
=985  \\$aISSN UK Centre note: ROAD-OA.
=985  \\$aISSN UK Centre: responsibility transferred to ISSN Switzerland 5.2.21.
=ACF  \\$aPrevious copyright fee: zero$c22\1$e11-jan-2019$fGBP0.00$g0$hP$5Uk
=CAT  \\$a10973$b40$c20150727$lBLL01$h1540
=CAT  \\$a11316$b40$c20151021$lBLL01$h1409
=CAT  \\$a14448$b40$c20151107$lBLL01$h1037
=CAT  \\$aW1711-1005$c20171206$lBLL01$h1828
=CAT  \\$a5552$b40$c20190111$lBLL01$h0928
=CAT  \\$aBLDSS-3PM$b00$c20190115$lBLL01$h1424
=CAT  \\$aBATCH-UPD$b00$c20190115$lBLL01$h1430
=CAT  \\$aBATCH-UPD$b00$c20190116$lBLL01$h0101
=CAT  \\$a10973$b40$c20210205$lBLL01$h1621
=CAT  \\$a10973$b40$c20210205$lBLL01$h1628
=CAT  \\$a8871$b40$c20210210$lBLL01$h1716
=CAT  \\$a12654$b40$c20210625$lBLL01$h0900
=CAT  \\$aDEL-3PM$c20210628$lBLL01$h1412
=CAT  \\$aBATCH-CLA$b00$c20221221$lBLL01$h1931
=CAT  \\$aIPL-CLA$c20221231$lBLL01$h1453
=CFI  0\$aCurrent Copyright Fee: GBP25.00$c0$e01-jan-2023$fGBP25.00$g0$hA$5Uk
=CFI  2\$aPrevious copyright fee: GBP22.50$c0$e25-jun-2021$fGBP22.50$g0$hA$5Uk
=FIN  \\$aY$d20150727
=FMT  \\$a  SE
=LAS  \\$aIPL-CLA$b00$c20221231$lBLL01$h1453
=LET  \0$aPublic health reviews (Electronic)
=LKR  \\$aPAR$b008211493$lBLL01$nPublic health reviews (Print)$mPublic health reviews (Online)$r776
=SID  \\$aZ39$bOCLC
=TOC  \\$aETOC
=UNO  \\$aY

