=LDR  02976cas a2200793 i 4500
=001  017460608
=003  Uk
=005  20230329105203.0
=006  m\\\\\\\\d\|\\\\\\
=007  cr||||||||||||
=008  150729c20169999ne\\x\p\o\\\\\0\\\a0eng\\
=022  0\$a2059-7029
=037  \\$aISSN_20597029_1218$bPortico$nBMJ
=037  3\$aISSN_20597029_8$bPortico$nElsevier
=040  \\$aUk$beng$cUk$erda
=042  \\$aukblsr
=082  04$a616.994005$223
=210  0\$aESMO open
=222  \0$aESMO open
=245  00$aESMO open.
=246  3\$aEuropean Society for Medical Oncology open
=246  13$aESMO open cancer horizons
=264  \1$aLondon :$bBMJ Publishing,$c2016-
=264  31$a[Amsterdam]$bElsevier B.V.
=336  \\$atext$2rdacontent
=337  \\$acomputer$2rdamedia
=338  \\$aonline resource$2rdacarrier
=362  0\$aVolume 1, issue 1 (February 2016)-
=500  \\$aTitle from title from table of contents page (BMJ Journals, viewed May 13, 2016).
=540  \\$aCurrent Copyright Fee: zero$c5\1$5Uk
=588  \\$aLatest issue consulted: volume 6, issue 4 (August 2021); ScienceDirect, viewed October 12, 2021.
=650  \0$aCancer$vPeriodicals.
=710  2\$aEuropean Society for Medical Oncology.
=852  41$aBritish Library$bHMNTS$jELD Digital store$3Volume 4:Issue 1(2019)-
=856  40$uhttp://esmoopen.bmj.com/$xOA-J
=856  40$uhttps://www.esmoopen.com/current
=856  40$uhttps://www.sciencedirect.com/journal/esmo-open
=856  4\$31850-9999$uhttp://www.bmj.com/archive$xBLDSS
=859  \\$aELD$bejournal
=945  \\$aESMO open.
=979  \\$aBritish Library$bDSC$j3811.255200N
=985  \\$aISSN UK Centre note: ROAD OA.
=985  \\$aISSN UK Centre: responsibility transferred to ISSN Netherlands 13/10/21.
=CAT  \\$a11313$b40$c20150729$lBLL01$h1001
=CAT  \\$a5552$b40$c20160119$lBLL01$h1329
=CAT  \\$aBLDSS-3PM$b00$c20160201$lBLL01$h1812
=CAT  \\$aBATCH-UPD$b00$c20160413$lBLL01$h1829
=CAT  \\$a11315$b40$c20160513$lBLL01$h1440
=CAT  \\$a11315$b40$c20160513$lBLL01$h1514
=CAT  \\$aBATCH-UPD$b40$c20160923$lBLL01$h2033
=CAT  \\$a5552$b40$c20170523$lBLL01$h1330
=CAT  \\$a12654$b40$c20210615$lBLL01$h0812
=CAT  \\$aBATCH-UNOD$c20210615$lBLL01$h2259
=CAT  \\$a15190$b40$c20211011$lBLL01$h1601
=CAT  \\$a11205$b40$c20211012$lBLL01$h1648
=CAT  \\$a10973$b40$c20211013$lBLL01$h1059
=CAT  \\$a10973$b40$c20211013$lBLL01$h1150
=CAT  \\$a15190$b40$c20230214$lBLL01$h1514
=CAT  \\$a14586$b40$c20230322$lBLL01$h1721
=CAT  \\$a15731$b40$c20230329$lBLL01$h1052
=CFI  0\$aCurrent Copyright Fee: zero$c5\1$e15-jun-2021$fGBP0.00$g0$hP$5Uk
=CFI  2\$aPrevious Copyright Fee: zero$c118\0$e19-jan-2016$fGBP0.00$g0$hP$5Uk
=FFP  \\$aY$bBLDSS-3PM
=FIN  \\$aY$d20160513
=FMT  \\$a  SE
=LAS  \\$a15731$b40$c20230329$lBLL01$h1052
=LET  \0$aESMO open (Electronic)
=MNI  \\$a2059-7029
=TOC  \\$aETOC

