=LDR  02949cas a2200709 i 4500
=001  017508552
=003  Uk
=005  20230511163115.0
=007  ta
=008  150827c20169999enkqr\p\\\\\\\0\\\a0eng\\
=015  \\$aGBB856036$2bnb
=022  0\$a2059-8688
=040  \\$aUk$beng$cUk$erda
=042  \\$aukblsr
=082  04$a616.81005$223
=210  0\$aStroke vasc. neurol.$b(Print)
=222  \0$aStroke and vascular neurology$b(Print)
=245  00$aStroke and vascular neurology.
=246  30$aSVN
=264  \1$aLondon, UK :$bBMJ Publishing Group Ltd,$c2016-
=264  31$aBeijing :$bSVN Editorial Office of Chinese Stroke Association (China)
=300  \\$billustrations (black and white, and colour) ;$c28 cm
=310  \\$aQuarterly
=336  \\$atext$2rdacontent
=337  \\$aunmediated$2rdamedia
=338  \\$avolume$2rdacarrier
=362  0\$aVolume 1, issue 1 (March 2016)-
=540  \\$aCurrent Copyright Fee: zero$c118\0$5Uk
=550  \\$a"Chinese Stroke Association" --cover.
=588  \\$aLatest issue consulted: 2016/2017 omnibus.
=650  \0$aCerebrovascular disease$vPeriodicals.
=650  \0$aCardiovascular system$xDiseases$vPeriodicals.
=710  2\$aZhongguo cu zhong xue hui,$eissuing body.
=776  08$iAlso issued online as:$tStroke and vascular neurology$x2059-8696
=852  41$aBritish Library$bHMNTS$jZC.9.b.10611$3Vol. 1, issue 1 (Mar. 2016)***Title now taken as electronic copy only
=856  \\$31850-9999$uhttp://www.bmj.com/archive$xBLDSS
=985  \\$aISSN UK Centre note: responsibility transferred to Chinese ISSN Centre 10.8.18 with agreement. Transfer requested by BMJ who are still involved with print publication and still publish online version.
=ACF  \\$aPrevious Copyright Fee: GBP28.00$c0$e01-jul-2016$fGBP28.00$g0$hC$5Uk
=CAT  \\$a11315$b40$c20150827$lBLL01$h1533
=CAT  \\$aBATCH-CLA$b00$c20160531$lBLL01$h1619
=CAT  \\$aIPL-CLA$c20160630$lBLL01$h1606
=CAT  \\$a10806$b40$c20160818$lBLL01$h1325
=CAT  \\$a11130$b40$c20160909$lBLL01$h1100
=CAT  \\$aBATCH-CLA$b00$c20171130$lBLL01$h1703
=CAT  \\$aIPL-CLA$c20171231$lBLL01$h1830
=CAT  \\$a10973$b40$c20180316$lBLL01$h1331
=CAT  \\$a10973$b40$c20180316$lBLL01$h1332
=CAT  \\$a11205$b40$c20180320$lBLL01$h1209
=CAT  \\$a10973$b40$c20180810$lBLL01$h1039
=CAT  \\$a12654$b40$c20190715$lBLL01$h1100
=CAT  \\$aBATCH-UPD$b40$c20190716$lBLL01$h2357
=CAT  \\$aBLDSS-3PM$b00$c20190725$lBLL01$h1607
=CAT  \\$aBATCH-UPD$b00$c20190725$lBLL01$h1607
=CAT  \\$aBATCH-FIX$c20230511$lBLL01$h1631
=CFI  0\$aCurrent Copyright Fee: zero$c118\0$e15-jul-2019$fGBP0.00$g0$hP$5Uk
=CFI  2\$aPrevious Copyright Fee: GBP35.00$c0$e01-jan-2018$fGBP35.00$g0$hC$5Uk
=FFP  \\$aY$bBLDSS-3PM
=FIN  \\$aY$d20180316
=FMT  \\$a  SE
=LAS  \\$aBATCH-FIX$b00$c20230511$lBLL01$h1631
=LET  \0$aStroke and vascular neurology (Print)
=UNO  \\$aY

