=LDR  02505cas a2200601 i 4500
=001  017575897
=003  Uk
=005  20160307133400.0
=006  m\\\\\|\\d\|\\\\\\
=007  cr\|||||||||||
=008  151013c20049999enkfr\p\o\\\\\0\\\a0eng\\
=015  \\$aGBB5E8051$2bnb
=022  \\$a1812-7347
=037  \\$aISSN_18121829$bPortico$nPluto Journals
=040  \\$aUk$beng$cUk$erda
=042  \\$aukblsr
=082  04$a320.60954$223
=130  0\$aPolicy perspectives (Islāmābād, Pakistan)
=210  1\$aPolicy perspect.$b(Islamabad. Online)
=222  \0$aPolicy perspectives$b(Islamabad. Online)
=245  10$aPolicy perspectives.
=260  \\$aIslamabad :$bInstitute of Policy Studies,$c[2004]-
=264  31$a[London] :$bPluto Journals
=310  \\$aSemiannual,$b2006-
=321  \\$aAnnual,$b2004-2005
=336  \\$atext$2rdacontent
=337  \\$acomputer$2rdamedia
=338  \\$aonline resource$2rdacarrier
=362  1\$aPrint began with volume 1 in 2004.
=588  \\$aDescription based on print version record.
=588  \\$aLatest issue consulted: volume 12, number 2 (2015) (JSTOR, viewed October 13, 2015).
=650  \0$aPolicy sciences$zAsia$vPeriodicals.
=650  \0$aPolicy sciences$vPeriodicals.
=710  2\$aInstitute of Policy Studies (Islāmābād, Pakistan)
=776  08$iAlso issued in print as:$tPolicy perspectives (Islāmābād, Pakistan)$x1812-1829
=852  41$aBritish Library$bHMNTS$jELD Digital store$3Volume 8:Number 1(2011)-
=856  4\$uhttp://www.plutojournals.com/policy-perspectives/
=856  40$uhttp://www.jstor.org/journal/polipers
=856  4\$uhttp://www.ips.org.pk/publication/periodicals#pp
=859  \\$aELD$bejournal
=985  \\$aISSN responsibility remains with the ISSN International Centre. JSTOR is the only site that gives Pluto as publisher. Seems likely that they are a distributor from info on the other two sources and PDF viewed 13/10/2015 - SF.
=CAT  \\$a11316$b40$c20151013$lBLL01$h1154
=CAT  \\$a10983$b40$c20151027$lBLL01$h1123
=CAT  \\$aBATCH-CLA$b00$c20151127$lBLL01$h1629
=CAT  \\$aWR15058$c20151230$lBLL01$h1442
=CAT  \\$a10983$b40$c20160307$lBLL01$h1334
=CAT  \\$aW1711-1005$c20171206$lBLL01$h1828
=FIN  \\$aY$d20151013
=FMT  \\$a  SE
=LAS  \\$aW1711-1005$b00$c20171206$lBLL01$h1828
=LET  \0$aPolicy perspectives (Electronic)
=LKR  \\$aPAR$b015263570$lBLL01$nPolicy perspectives (Print)$mPolicy perspectives (Online)$r776
=MNI  \\$a1812-1829

