=LDR  01523cas a2200457 a 4500
=001  017586854
=003  Uk
=005  20221003134658.0
=007  ta
=008  100928d20102010enkbr\p\\\\\\\0\\\a0eng\d
=015  \\$aGBB5F2389$2bnb
=035  \\$a(OCoLC)666734731
=040  \\$aEQO$cEQO$dOCLCF$dOCLCO$dUk
=042  \\$aukblsr
=082  04$a344.0423305$223
=245  00$aScrip pharma law.
=246  30$aPharma law
=260  \\$aLondon :$bInforma UK,$c2010-2010
=300  \\$av. :$bill. ;$c28 cm.
=310  \\$aBimonthly
=336  \\$atext$2rdacontent
=337  \\$aunmediated$2rdamedia
=338  \\$avolume$2rdacarrier
=362  1\$aBegan with Aug. 2010.
=588  \\$aDescription based on: Aug. 2010; title from cover.
=588  \\$aLatest issue consulted: Aug. 2010.
=650  \0$aPharmacy$xLaw and legislation$vPeriodicals.
=650  \0$aDrugs$xLaw and legislation$vPeriodicals.
=650  \0$aPatent laws and legislation$vPeriodicals.
=650  \7$aPatent laws and legislation.$2fast$0(OCoLC)fst01054823
=650  \7$aPharmaceutical industry.$2fast$0(OCoLC)fst01060129
=650  \7$aPharmacy$xLaw and legislation.$2fast$0(OCoLC)fst01060303
=655  \7$aPeriodicals.$2fast$0(OCoLC)fst01411641
=852  41$aBritish Library$bHMNTS$jZK.9.b.34605$3Aug. (2010)
=985  \\$aISSN - US responsibility
=CAT  \\$a8124$b40$c20151020$lBLL01$h1112
=CAT  \\$a6490$b40$c20221003$lBLL01$h1346
=FIN  \\$aY$d20151020
=FMT  \\$a  SE
=LAS  \\$a6490$b40$c20221003$lBLL01$h1346
=SID  \\$aZ39$bOCLC

