=LDR  03383cas a2200877 i 4500
=001  017615753
=003  Uk
=005  20221231145346.0
=006  m\\\\\o\\d\\\\\\\\
=007  cr\|||||||||||
=008  140219c20009999enk\x\p\o\\\\u0\\\b0por\d
=015  \\$aGBB6C6777$2bnb
=022  \\$a2316-7874
=035  \\$a(OCoLC)871196812
=037  \\$a???$bBioMed Central
=040  \\$aCNCGM$beng$cCNCGM$dOH1$dOCLCO$dOCLCF$dOCLCO$dUk$erda
=041  \\$apor$aeng$beng$bspa
=042  \\$aukblsr
=050  04$aRM216
=082  04$a612.305$223
=222  \0$aNutrire$b(Online)
=245  00$aNutrire.
=264  \1$a[São Paulo, Brazil] :$b[Sociedade Brasileira de Alimentacao e Nutricao],$c2000-
=264  31$32016-$a[London] :$bBioMed Central
=310  \\$aContinuously updated
=336  \\$atext$2rdacontent
=337  \\$acomputer$2rdamedia
=338  \\$aonline resource$2rdacarrier
=362  1\$aBegan with volume 19-20 (2000).
=500  \\$aOfficial journal of the Brazilian Society for Food and Nutrition (SBAN).
=540  \\$aCurrent copyright fee: GBP34.95$c22\1$5Uk
=546  \\$aText in Portuguese until 2015; abstracts in English and Spanish; text in English since 2016.
=588  \\$aDescription based on: Volume 41 (2016); title from journal home page (BioMed Central, viewed July 27, 2016).
=588  \\$aLatest issue consulted: 41:1 (2016) (viewed September 8, 2016).
=650  \0$aDietetics$vPeriodicals.
=650  \0$aNutrition$vPeriodicals.
=650  \2$aNutrition Therapy.
=650  \2$aDiet, Food, and Nutrition.
=650  \7$aDietetics.$2fast$0(OCoLC)fst00893353
=650  \7$aNutrition.$2fast$0(OCoLC)fst01042187
=655  \4$aElectronic journals.
=655  \2$aPeriodicals.
=655  \7$aPeriodicals.$2fast$0(OCoLC)fst01411641
=710  2\$aSociedade Brasileira de Alimentação e Nutrição.
=776  1\$tNutrire$x1519-8928
=780  10$tCadernos de Nutricao
=852  41$aBritish Library$bHMNTS$jELD Digital store$3Volume 41:Issue 1(2016)-
=856  \\$31850-9999$uhttp://link.springer.com/$xBLDSS
=856  40$3BioMed Central$uhttp://nutrirejournal.biomedcentral.com/
=859  \\$aELD$bejournal
=945  \\$aNutrire
=979  \\$aBritish Library$cDSC$j6187.840000N
=985  \\$aISSN responsibility transfer to UK from Brazil pending (Richard, 08/09/16)
=CAT  \\$a11433$b40$c20151114$lBLL01$h1051
=CAT  \\$a11433$b40$c20151114$lBLL01$h1057
=CAT  \\$a11433$b40$c20151114$lBLL01$h1105
=CAT  \\$a10806$b40$c20160908$lBLL01$h1407
=CAT  \\$a10806$b40$c20160908$lBLL01$h1408
=CAT  \\$a10806$b40$c20160908$lBLL01$h1416
=CAT  \\$a10806$b40$c20160908$lBLL01$h1417
=CAT  \\$a10806$b40$c20160912$lBLL01$h1019
=CAT  \\$aW1711-1005$c20171206$lBLL01$h1828
=CAT  \\$a5552$b40$c20210824$lBLL01$h0854
=CAT  \\$aBLDSS-3PM$b00$c20210903$lBLL01$h0932
=CAT  \\$aBATCH-UPD$b00$c20210903$lBLL01$h0933
=CAT  \\$aBATCH-UPD$b00$c20221121$lBLL01$h1413
=CAT  \\$aIPL-CLA$c20221231$lBLL01$h1453
=CFI  0\$aCurrent copyright fee: GBP34.95$c22\1$e01-jan-2023$fGBP34.95$g0$hP$5Uk
=CFI  2\$aPrevious copyright fee: GBP43.00$c22\1$e24-aug-2021$fGBP43.00$g0$hP$5Uk
=FFP  \\$aY$bBLDSS-3PM
=FIN  \\$aY$d20160908
=FMT  \\$a  SE
=LAS  \\$aIPL-CLA$b00$c20221231$lBLL01$h1453
=MNI  \\$a1519-8928
=SID  \\$aZ39$bOCLC
=UNO  \\$aY

