=LDR  01421 as a2200421 i 4500
=001  017633639
=003  Uk
=005  20191025170949.0
=007  ta
=008  151201c20169999nyufr\p\\\\\\\0\\\a0eng\\
=022  0\$a2397-2580
=040  \\$aUk$beng$cUk$erda
=042  \\$aukblsr
=082  04$a778.9974692$223
=222  \0$aFashion fanzine
=245  00$aFashion fanzine.
=264  \1$aNYC :$bGunnar Tufta & Laurence Stevens,$c[2016]-
=300  \\$billustrations (black and white, and colour) ;$c42 cm
=310  \\$aSemiannual
=336  \\$astill image$brdacontent
=336  \\$atext$2rdacontent
=337  \\$aunmediated$2rdamedia
=338  \\$avolume$2rdacarrier
=362  0\$a01-
=500  \\$aTitle on resource presented in square brackets: [Fashion fanzine].
=500  \\$aPublished in New York City and London.
=650  \0$aFashion$vPictorial works$vPeriodicals.
=650  \0$aFashion photography$vPictorial works$vPeriodicals.
=852  41$aBritish Library$bHMNTS$jZC.9.d.683$3Issue 1 (2016)
=985  \\$aISSN UK Centre: responsibility transferred to US Center 25.10.19 DLW.
=CAT  \\$a10806$b40$c20151201$lBLL01$h0848
=CAT  \\$a10969$b40$c20190930$lBLL01$h1143
=CAT  \\$a10969$b40$c20191002$lBLL01$h1214
=CAT  \\$a10973$b40$c20191003$lBLL01$h1336
=CAT  \\$a10973$b40$c20191025$lBLL01$h1709
=FIN  \\$aY$d20191002
=FMT  \\$a  SE
=LAS  \\$a10973$b40$c20191025$lBLL01$h1709

