=LDR  04221cas a2200913 i 4500
=001  017714260
=003  Uk
=005  20221231145405.0
=006  m\\\\\|\\d\|\\\\\\
=007  cr\|||||||||||
=008  160122c20089999enktr\p\o\\\\\0\\\a0eng\\
=015  \\$aGBB685339$2bnb
=022  \\$a2151-9668
=037  \\$aISSN_13260219$bPortico$nTaylor & Francis
=040  \\$aUk$beng$cUk$erda
=042  \\$aukblsr
=082  04$a909.097561$223
=222  \0$aJournal of Iberian and Latin American research$b(Online)
=245  00$aJournal of Iberian and Latin American research.
=246  3\$aJILAR
=264  \1$a[Abingdon] :$bRoutledge, Taylor & Francis Group
=310  \\$aThree issues yearly
=336  \\$atext$2rdacontent
=337  \\$acomputer$2rdamedia
=338  \\$aonline resource$2rdacarrier
=362  0\$aVolume 14, issue 1 (2008)-
=500  \\$aTitle from journal contents page (Taylor & Francis Online, viewed June 23, 2016).
=540  \\$aCurrent copyright fee: GBP37.00$c2\0$5Uk
=550  \\$a"Journal of the Association of Iberian and Latin American Studies of Australia [sic] (AILASA)".
=588  \\$aLatest issue consulted: volume 21 issue 3 (2015) (viewed June 23, 2016).
=650  \0$aCivilization, Hispanic$vPeriodicals.
=650  \0$aLanguage and culture$zSpanish-speaking countries$vPeriodicals.
=651  \0$aLatin America$vPeriodicals.
=651  \0$aSpain$vPeriodicals.
=651  \0$aPortugal$vPeriodicals.
=710  2\$aAssociation of Iberian and Latin American Studies of Australasia.
=776  08$iAlso issued in print as:$tJournal of Iberian and Latin American research
=852  41$aBritish Library$bHMNTS$jELD Digital store$3Volume 22:Issue 1(2016)-***Transferred from print***Previous issues available in print copy
=856  40$31850-9999$uhttp://www.tandfonline.com/$xBLDSS
=859  \\$aELD$bejournal
=945  \\$aJournal of Iberian and Latin American research.
=979  \\$aBritish Library$bDSC$j5004.527300N
=985  \\$aISSN record (US Responsibility) takes no account of the title change in 2008. They include variant titles. This record mirrors the print treatment, including major C/T from "studies" to "research".
=ACF  \\$aPrevious copyright fee: GBP26.00$c2\0$e08-feb-2016$fGBP26.00$g0$hP$5Uk
=ACF  \\$aPrevious copyright fee: GBP28.00$c2\0$e01-jan-2017$fGBP28.00$g0$hP$5Uk
=ACF  \\$aPrevious copyright fee: GBP30.00$c2\0$e01-jan-2018$fGBP30.00$g0$hP$5Uk
=ACF  \\$aPrevious copyright fee: GBP32.00$c2\0$e01-jan-2019$fGBP32.00$g0$hP$5Uk
=ACF  \\$aPrevious copyright fee: GBP34.00$c2\0$e01-jan-2020$fGBP34.00$g0$hP$5Uk
=CAT  \\$a14448$b40$c20160122$lBLL01$h0736
=CAT  \\$a5552$b40$c20160208$lBLL01$h1443
=CAT  \\$aBLDSS-3PM$b00$c20160215$lBLL01$h1032
=CAT  \\$aBATCH-UPD$b00$c20160413$lBLL01$h1830
=CAT  \\$a8483$b40$c20160623$lBLL01$h1214
=CAT  \\$a8483$b40$c20160623$lBLL01$h1215
=CAT  \\$a8483$b40$c20160623$lBLL01$h1219
=CAT  \\$aBATCH-UPD$b40$c20161122$lBLL01$h1515
=CAT  \\$aIPL-CLA$c20161231$lBLL01$h0025
=CAT  \\$a5552$b40$c20170420$lBLL01$h1113
=CAT  \\$aBATCH-UPD$b40$c20171121$lBLL01$h1651
=CAT  \\$aW1711-1005$c20171206$lBLL01$h1829
=CAT  \\$aIPL-CLA$c20171231$lBLL01$h1831
=CAT  \\$aBATCH-UPD$b00$c20181217$lBLL01$h1641
=CAT  \\$aIPL-CLA$c20181231$lBLL01$h1555
=CAT  \\$aBATCH-UPD$b00$c20191122$lBLL01$h1903
=CAT  \\$aIPL-CLA$c20191231$lBLL01$h2042
=CAT  \\$aBATCH-UPD$b00$c20201118$lBLL01$h1337
=CAT  \\$aIPL-CLA$c20201231$lBLL01$h1533
=CAT  \\$aBATCH-UPD$b00$c20221121$lBLL01$h1350
=CAT  \\$aIPL-CLA$c20221231$lBLL01$h1454
=CFI  0\$aCurrent copyright fee: GBP37.00$c2\0$e01-jan-2023$fGBP37.00$g0$hP$5Uk
=CFI  2\$aPrevious copyright fee: GBP35.00$c2\0$e01-jan-2021$fGBP35.00$g0$hP$5Uk
=FFP  \\$aY$bBLDSS-3PM
=FIN  \\$aY$d20160623
=FMT  \\$a  SE
=LAS  \\$aIPL-CLA$b00$c20221231$lBLL01$h1454
=LET  \0$aJournal of Iberian and Latin American research (Electronic)
=LKR  \\$aPAR$b015534068$lBLL01$r776$mJournal of Iberian and Latin American research$nJournal of Iberian and Latin American research : JILAR.
=MNI  \\$a1326-0219
=TOC  \\$aETOC

