=LDR  01630cas a2200445 i 4500
=001  017793013
=003  Uk
=005  20230120151201.0
=007  ta
=008  160405c200u9999enkmr\\\\\\\\\0\\\a0eng\\
=022  \\$y1596-6992$y1596-1613
=040  \\$aUk$beng$cUk$dUk$erda
=042  \\$aukblsr
=082  04$a242.62$223
=245  00$aRhapsody of realities for kids.
=264  \1$aIkeja :$bLoveWorld Publishing Inc. ;$bBelievers LoveWorld Inc.
=264  31$aRainham, Essex :$bLoveWorld Publishing
=300  \\$billustrations (colour) ;$c18 cm
=310  \\$aMonthly
=336  \\$atext$2rdacontent
=337  \\$aunmediated$2rdamedia
=338  \\$avolume$2rdacarrier
=500  \\$aIssues also have distinctive titles.
=500  \\$aAuthor: Chris Oyakhilome.
=530  \\$aAlso issued electronically.
=588  \\$aDescription based on: volume 46, number 46 (March 2016).
=588  \\$aLatest issue consulted: [surrogate] volume 128, number 128 (January 2023).
=650  \0$aChildren$vPrayers and devotions$vPeriodicals.
=650  \0$aBible stories, English$vPeriodicals$vJuvenile literature.
=700  1\$aOyakhilome, Chris.
=852  41$aBritish Library$bHMNTS$jZK.9.a.17113
=985  \\$aBasic record for L7, Apr. 2016; now received in LDO (Jan. 2023)
=985  \\$aISSN record for ISSN 1596-6992 free on Portal (Nigerian responsibility).
=CAT  \\$a10973$b40$c20160405$lBLL01$h1553
=CAT  \\$a10973$b40$c20160405$lBLL01$h1555
=CAT  \\$a8124$b40$c20160721$lBLL01$h1044
=CAT  \\$a8323$b40$c20230120$lBLL01$h1512
=FIN  \\$aY$d20160405
=FMT  \\$a  SE
=LAS  \\$a8323$b40$c20230120$lBLL01$h1512

