=LDR  01777cas a2200457 i 4500
=001  017804072
=003  Uk
=005  20230421074801.0
=007  ta
=008  160412c20189999enkqr\p\\\\\\\0\\\a0eng\\
=015  \\$aGBB781266$2bnb
=022  0\$a2398-2640
=040  \\$aUk$beng$cUk$erda
=042  \\$aukblsr
=082  04$a333.7205$223
=222  \0$aInternational journal of environmental impacts$b(Print)
=245  00$aInternational journal of environmental impacts :$bmanagement, mitigation and recovery.
=246  17$aInt. j. environ. impacts
=264  \1$aSouthampton :$bWIT Press,$c2017-
=300  \\$billustrations (black and white, and colour), maps (black and white, and colour) ;$c28 cm
=310  \\$aQuarterly
=336  \\$atext$2rdacontent
=337  \\$aunmediated$2rdamedia
=338  \\$avolume$2rdacarrier
=362  0\$aVolume 1, number 1 (2018)-
=650  \0$aEnvironmental protection$vPeriodicals.
=650  \0$aHuman ecology$vPeriodicals.
=650  \0$aNature$xEffect on human beings on$vPeriodicals.
=650  \0$aSustainable development$vPeriodicals.
=776  08$iAlso issued online as:$tInternational journal of environmental impacts$x2398-2659
=852  41$aBritish Library$bHMNTS$jZK.9.b.35384$3Vol. 1, no. 1 (2018)-v. 5, no. 4 (2022)
=985  \\$aISSN responsibility passed to ISSN Canada (21/04/23). Published by IIETA (Canada) from 2023.
=CAT  \\$a10973$b40$c20160412$lBLL01$h1708
=CAT  \\$a8124$b40$c20170510$lBLL01$h1424
=CAT  \\$a8124$b40$c20170511$lBLL01$h0820
=CAT  \\$a10806$b40$c20230403$lBLL01$h0901
=CAT  \\$a10806$b40$c20230421$lBLL01$h0748
=FIN  \\$aY$d20170510
=FMT  \\$a  SE
=LAS  \\$a10806$b40$c20230421$lBLL01$h0748
=LET  \0$aInternational journal of environmental impacts (Prin)t)

