=LDR  01921cas a2200469 i 4500
=001  017892502
=003  Uk
=005  20160624145434.0
=007  ta
=008  160624c200u9999enkfr\p\\\\\\\0\\\a0eng\\
=040  \\$aUk$beng$cUk$erda
=042  \\$aukblsr
=082  04$a631.49405$223
=130  0\$aNewsletter (European Society for Soil Conservation)
=245  10$aNewsletter /$cESSC European Society for Soil Conservation.
=246  13$aEuropean Society for Soil Conservation newsletter
=246  13$aESSC newsletter
=264  \1$a[Wolverhampton] :$bEuropean Society for Soil Conservation
=300  \\$billustrations (colour), maps (colour) ;$c21 cm
=310  \\$aSemiannual,$b2011-
=321  \\$aQuarterly,$b2007-2010
=321  \\$aThree times a year,$b2005-2006
=321  \\$aSemiannual,$b<-2004
=336  \\$atext$2rdacontent
=337  \\$aunmediated$2rdamedia
=338  \\$avolume$2rdacarrier
=515  \\$aNumbering begins each year with 1.
=588  \\$aDescription based on: 2/2014.
=610  20$aEuropean Society for Soil Conservation$vPeriodicals.
=650  \0$aSoil conservation$zEurope$vPeriodicals.
=650  \0$aSoil science$zEurope$vPeriodicals.
=710  2\$aEuropean Society for Soil Conservation,$eissuing body.
=776  08$iAlso issued online as:$tNewsletter (European Society for Soil Conservation)$x2413-9297
=852  41$aBritish Library$bHMNTS$jZK.9.a.15105$3Issue 1(2001), issue 1(2005)-issue 3(2005), issue 1(2006)-issue 2(2006), issue 1(2007)-issue 4(2010), issue 1(2011)-issue 2(2015)
=985  \\$aInternational ISSN responsibility. ISSN for print version not yet assigned.
=CAT  \\$a11205$b40$c20160624$lBLL01$h1440
=CAT  \\$a11205$b40$c20160624$lBLL01$h1441
=CAT  \\$a11205$b40$c20160624$lBLL01$h1454
=FIN  \\$aY$d20160624
=FMT  \\$a  SE
=LAS  \\$a11205$b40$c20160624$lBLL01$h1454
=LET  \0$aNewsletter (European Society for Soil Conservation)

