=LDR  03500cas a2200817 i 4500
=001  017973588
=003  Uk
=005  20230511163124.0
=006  m\\\\\\\\d\|\\\\\\
=007  cr||||||||||||
=008  160812c20099999ko\\x\p\o\\\\\0\\\a0eng\\
=015  \\$aGBB859559$2bnb
=022  0\$a2234-1757
=037  \\$a???$bBioMed Central
=040  \\$aUk$beng$cUk$erda
=042  \\$aukblsr
=082  04$a639.2$223
=222  \0$aFisheries and aquatic sciences$b(Online)
=245  00$aFisheries and aquatic sciences.
=246  13$aE-FAS
=264  \1$aBusan :$bKorean Society of Fisheries and Aquatic Science,$c[2009]-
=264  21$a[London] :$bBioMed Central
=264  31$32021-$aBusan :$bThe Korean Society of Fisheries and Aquatic Science
=336  \\$atext$2rdacontent
=337  \\$acomputer$2rdamedia
=338  \\$aonline resource$2rdacarrier
=362  1\$aPrint began in 2009.
=540  \\$aBritish Library not licensed to copy$c0$5Uk
=550  \\$aOfficial journal of KOSFAS, Korean Society of Fisheries and Aquatic Science.
=588  \\$aDescription based on print version record.
=588  \\$aLatest issue consulted:volume 24, number 8 (2021) (publisher's website, viewed October 5, 2021).
=650  \0$aFisheries$vPeriodicals.
=710  2\$aHan'guk Susan Kwahakhoe,$eissuing body.
=776  08$iAlso issued in print as:$tFisheries and aquatic sciences$x2234-1749
=852  41$aBritish Library$bHMNTS$jELD Digital store$3Volume 19:Issue 1(2016)-Volume 22:Issue 1(2019)***Previous issues available in print copy
=856  40$uhttp://fas.biomedcentral.com/
=856  40$uhttps://www.e-fas.org/
=859  \\$aELD$bejournal
=945  \\$aFisheries and aquatic sciences.
=979  \\$aBritish Library$bDSC$j3935.228200
=985  \\$aISSN UK Centre: responsibility transferred from ISSN Korea 12.8.16.
=985  \\$aISSN UK Centre note: information from ISSN Korea, print version is continuing with original publisher.
=985  \\$aISSN UK Centre: responsibility transferred back to ISSN Korea 21.10.21.
=ACF  \\$aPrevious copyright fee: GBP22.50$c0$e23-jun-2021$fGBP22.50$g0$hA$5Uk
=ACF  \\$aPrevious copyright fee: zero$c22\1$e22-jan-2019$fGBP0.00$g0$hP$5Uk
=CAT  \\$a10973$b40$c20160812$lBLL01$h1403
=CAT  \\$a9667$b40$c20180131$lBLL01$h1419
=CAT  \\$a11205$b40$c20180327$lBLL01$h1351
=CAT  \\$a11205$b40$c20180327$lBLL01$h1354
=CAT  \\$a5552$b40$c20190122$lBLL01$h1148
=CAT  \\$aBATCH-UPD$b40$c20190123$lBLL01$h0053
=CAT  \\$aBLDSS-3PM$b00$c20190130$lBLL01$h1513
=CAT  \\$aBATCH-UPD$b00$c20190130$lBLL01$h1526
=CAT  \\$a12654$b40$c20210623$lBLL01$h1239
=CAT  \\$aDEL-3PM$c20210628$lBLL01$h1412
=CAT  \\$a10973$b40$c20211005$lBLL01$h1612
=CAT  \\$a10973$b40$c20211021$lBLL01$h0912
=CAT  \\$aBATCH-CLA$b00$c20221221$lBLL01$h1933
=CAT  \\$aIPL-CLA$c20221231$lBLL01$h1454
=CAT  \\$a12654$b40$c20230323$lBLL01$h0741
=CAT  \\$aBATCH-FIX$c20230511$lBLL01$h1631
=CFI  0\$aBritish Library not licensed to copy$c0$e23-mar-2023$hC$iTX$5Uk
=CFI  2\$aPrevious Copyright Fee: GBP25.00$c0$e01-jan-2023$fGBP25.00$g0$hA$5Uk
=FIN  \\$aY$d20160812
=FMT  \\$a  SE
=LAS  \\$aBATCH-FIX$b00$c20230511$lBLL01$h1631
=LET  \0$aFisheries and aquatic sciences (Electronic)
=LKR  \\$aPAR$b015493569$lBLL01$nFisheries and aquatic sciences (Print)$mFisheries and aquatic sciences (Online)$r776
=MNI  \\$a2234-1749
=TOC  \\$aETOC
=UNO  \\$aY

