=LDR  03154cas a2200781 i 4500
=001  018159505
=003  Uk
=005  20221231145421.0
=006  m\\\\\|\\d\|\\\\\\
=007  cr\|||||||||||
=008  161230c20169999enkfr\p\o\\\\\0\\\a0eng\\
=015  \\$aGBB7J4923$2bnb
=022  \\$a2474-1612
=037  \\$aISSN_24741604$bPortico$nTaylor & Francis
=040  \\$aUk$beng$cUk$erda
=042  \\$aukblsr
=082  04$a301.05$223
=245  00$aBulletin of Spanish visual studies
=264  \1$a[Abingdon] :$bRoutledge, Taylor & Francis Group,$c2017-
=336  \\$atext$2rdacontent
=337  \\$acomputer$2rdamedia
=338  \\$aonline resource$2rdacarrier
=362  0\$aVolume 1, issue 1 (2017)-
=500  \\$aTitle from journal home page (Taylor & Francis Online, viewed October 17, 2017).
=540  \\$aCurrent copyright fee: GBP37.00$c2\0$5Uk
=650  \0$aVisual sociology$zSpain$vPeriodicals.
=650  \0$aVisual sociology$zPortugal$vPeriodicals.
=650  \0$aVisual sociology$zLatin America$vPeriodicals.
=650  \0$aArts and society$zSpain$vPeriodicals.
=650  \0$aArts and society$zPortugal$vPeriodicals.
=650  \0$aArts and society$zLatin America$vPeriodicals.
=776  08$iAlso issued in print as:$tBulletin of Spanish visual studies$x2474-1604
=852  41$aBritish Library$bHMNTS$jELD Digital store$3Volume 1:Issue 1(2017)-
=856  \\$31850-9999$uhttp://www.tandfonline.com/$xBLDSS
=856  40$uhttp://www.tandfonline.com/loi/rbhv20
=859  \\$aELD$bejournal
=945  \\$aBulletin of Spanish visual studies.
=979  \\$aBritish Library$bDSC$j2909.142500N
=985  \\$aISSN still work record on Portal (18/10/17). US responsibility.
=ACF  \\$aPrevious copyright fee: GBP32.00$c2\0$e04-sep-2019$fGBP32.00$g0$hP$5Uk
=ACF  \\$aPrevious copyright fee: GBP34.00$c2\0$e01-jan-2020$fGBP34.00$g0$hP$5Uk
=CAT  \\$a10983$b40$c20161230$lBLL01$h1455
=CAT  \\$a11450$b40$c20170221$lBLL01$h0830
=CAT  \\$a5997$b40$c20171017$lBLL01$h1259
=CAT  \\$a5997$b40$c20171017$lBLL01$h1301
=CAT  \\$a5997$b40$c20171017$lBLL01$h1423
=CAT  \\$a5997$b40$c20171018$lBLL01$h0821
=CAT  \\$aW1711-1005$c20171206$lBLL01$h1830
=CAT  \\$a5552$b40$c20190904$lBLL01$h0925
=CAT  \\$aBLDSS-3PM$b00$c20190909$lBLL01$h1330
=CAT  \\$aBATCH-UPD$b00$c20190909$lBLL01$h1330
=CAT  \\$a5410$b40$c20190918$lBLL01$h1116
=CAT  \\$a5410$b40$c20190918$lBLL01$h1117
=CAT  \\$aBATCH-UPD$b40$c20191122$lBLL01$h1903
=CAT  \\$aIPL-CLA$c20191231$lBLL01$h2043
=CAT  \\$aBATCH-UPD$b00$c20201118$lBLL01$h1337
=CAT  \\$aIPL-CLA$c20201231$lBLL01$h1534
=CAT  \\$aBATCH-UPD$b00$c20221121$lBLL01$h1350
=CAT  \\$aIPL-CLA$c20221231$lBLL01$h1454
=CFI  0\$aCurrent copyright fee: GBP37.00$c2\0$e01-jan-2023$fGBP37.00$g0$hP$5Uk
=CFI  2\$aPrevious copyright fee: GBP35.00$c2\0$e01-jan-2021$fGBP35.00$g0$hP$5Uk
=FFP  \\$aY$bBLDSS-3PM
=FIN  \\$aY$d20171017
=FMT  \\$a  SE
=LAS  \\$aIPL-CLA$b00$c20221231$lBLL01$h1454
=LET  \0$aBulletin of Spanish visual studies (Electronic)
=MNI  \\$a2474-1604
=TOC  \\$aETOC

