=LDR  03346cas a2200805 a 4500
=001  018166437
=003  Uk
=005  20170516120038.0
=006  m\\\\\|\\d\|\\\\\\
=007  cr\|||||||||||
=008  020612c19359999xxuqr\p\o\o\\\0\\\a0eng\c
=010  \\$a  2002227011
=015  \\$aGBB781307$2bnb
=016  7\$a2050689-2$2DE-600
=022  \\$a2325-5064$y0002-7316
=035  \\$a(OCoLC)49976423
=037  \\$aISSN_00027316$bPortico$nCambridge University Press
=040  \\$aEYM$beng$cEYM$dOCLCQ$dMUQ$dZCU$dWEA$dOCLCQ$dDLC$dOCLCQ$dOCLCF$dOCLCO$dOCLCQ$dDEBBG$dUk
=041  0\$aeng$bspa$bfre
=042  \\$aukblsr
=043  \\$an------$as------
=050  14$aE51
=082  04$a970$223
=130  0\$aAmerican antiquity (Online)
=210  0\$aAm. antiq.$b(Online)
=222  \0$aAmerican antiquity$b(Online)
=245  10$aAmerican antiquity$h[electronic resource].
=260  \\$aMenasha, Wis. :$bSociety for American Archaeology,$c1935-
=264  31$a[New York] :$b[Cambridge University Press] on behalf of the Society for American Archaeology
=300  \\$billustrations (black and white, and colour), maps (black and white)
=310  \\$aQuarterly
=336  \\$atext$2rdacontent
=337  \\$acomputer$2rdamedia
=338  \\$aonline resource$2rdacarrier
=362  0\$aVol. 1, no. 1 (July 1935)-
=500  \\$aTitle from title screen (viewed June 12, 2002).
=500  \\$aPublished: Washington, D.C., July 1970-
=500  \\$aVol. 1 (1935)--v. 13 (1947), v. 22, no. 4 (Apr. 1957), and v. 33, no. 1 (Jan. 1968) are digitized versions of the reprint ed. published: New York : Kraus Reprint Co., 1965-
=546  \\$aEnglish text; abstracts in English, and Spanish or French.
=550  \\$aOrgan of the Society for American Archaeology.
=588  \\$aLatest issue consulted: volume 82, issue 2 (April 2017) (Cambridge Core, viewed May 11, 2017).
=650  \0$aArchaeology$zNorth America$vPeriodicals.
=650  \0$aArchaeology$zAmerica$vPeriodicals.
=650  \0$aAnthropology$zAmerica$vPeriodicals.
=651  \0$aNorth America$xAntiquities$vPeriodicals.
=651  \0$aAmerica$xAntiquities$vPeriodicals.
=651  \0$aNorth America$xHistory$vPeriodicals.
=651  \0$aAmerica$xHistory$vPeriodicals.
=655  \7$aPeriodicals.$2fast
=710  2\$aSociety for American Archaeology.
=730  02$aMemoirs of the Society for American Archaeology$x0081-1300.
=776  08$iAlso issued in print as:$tAmerican antiquity$x0002-7316
=785  01$tLatin American antiquity$x2325-5080
=852  41$aBritish Library$bHMNTS$jELD Digital store$3Volume 37: Issue 3(1972)Part2-
=856  40$uhttps://www.cambridge.org/core/journals/american-antiquity/all-issues
=856  40$uhttp://www.jstor.org/journals/00027316.html
=859  \\$aELD$bejournal
=985  \\$aISSN responsibility transfer in progress (Richard, 16/05/17)
=CAT  \\$a14412$b40$c20170107$lBLL01$h0738
=CAT  \\$a10983$b40$c20170215$lBLL01$h1615
=CAT  \\$a8323$b40$c20170511$lBLL01$h0851
=CAT  \\$a8323$b40$c20170511$lBLL01$h0906
=CAT  \\$a10806$b40$c20170516$lBLL01$h1158
=CAT  \\$a10806$b40$c20170516$lBLL01$h1200
=CAT  \\$aW1711-1005$c20171206$lBLL01$h1830
=FIN  \\$aY$d20170511
=FMT  \\$a  SE
=LAS  \\$aW1711-1005$b00$c20171206$lBLL01$h1830
=MNI  \\$a0002-7316
=SRC  \\$aBLL02

