=LDR  03808cas a2200901 a 4500
=001  018166438
=003  Uk
=005  20191120090851.0
=006  m\\\\\|\\d\|\\\\\\
=007  cr\|||||||||||
=008  050614c19469999fr\qr\p\o\o\\\0\\\b0fre\c
=010  \\$a  2009235261
=015  \\$aGBB798564$2bnb
=016  7\$a977014150$2DE-101
=016  7\$a2209294-8$2DE-600
=022  \\$a1953-8146$l0395-2649$y0395-2649
=035  \\$a(OCoLC)60625228
=037  \\$aISSN_03952649_30$bPortico$nCambridge University Press
=040  \\$aOCLCS$beng$cOCLCS$dNLGGC$dOCLCG$dMUQ$dEYM$dHLS$dCUS$dOCLCQ$dOCLCE$dGWDNB$dOCLCA$dOCLCQ$dGBVCP$dOCLCQ$dOCLCF$dOCLCO$dOCL$dVT2$dOCLCQ$dDEBBG$dCSU$dOCLCO$dOCLCQ$dUk$epn
=042  \\$aukblsr
=050  \4$aAP20$b.A58
=082  04$a900$223
=084  \\$a15.00$2bcl
=130  0\$aAnnales (Paris, France : Online)
=222  \0$aAnnales$b(En ligne)
=245  10$aAnnales$h[electronic resource] :$béconomies, sociétés, civilisations.
=246  13$aAnnales HSS
=246  1\$iChange of subtitle:$aAnnales :$bhistoire, sciences sociales,$f1994-
=260  \\$aParis :$bA. Colin,$c1946-
=264  21$31998-2016$aParis, France :$bÉditions de l'EHESS
=264  31$32017-$aCambridge :$bCambridge University Press
=310  \\$aQuarterly,$b2011-
=321  \\$aBimonthly,$b1960-2010
=321  \\$aQuarterly,$b1946-1959
=336  \\$atext$2rdacontent
=337  \\$acomputer$2rdamedia
=338  \\$aonline resource$2rdacarrier
=362  1\$aPrint began with: 1ère année, no 1 (janv.-mars 1946).
=500  \\$aEditors: Lucien Febvre and others, 1946-
=555  \\$aTable analytique, 1999-2003. 1 v.
=588  \\$aDescription based on: 1ère année, no 1 (janv.-mars 1946); title from PDF cover (JSTOR, viewed July 31, 2009).
=588  \\$aLatest issue consulted: volume 73, issue 3 (Cambridge Core, viewed June 15, 2017).
=650  \0$aHistory$vPeriodicals.
=650  \0$aHistoriography$vPeriodicals.
=650  \0$aSocial history$vPeriodicals.
=650  \0$aSocial sciences$vPeriodicals.
=655  \0$aElectronic journals.
=655  \7$aPeriodicals.$2fast
=700  1\$aFebvre, Lucien,$d1878-1956.
=710  2\$aÉcole des hautes études en sciences sociales,$eeditor.
=776  08$iPrint version:$tAnnales (Paris, France)$x0395-2649
=780  00$tAnnales d'histoire sociale (1945)
=852  41$aBritish Library$bHMNTS$jELD Digital store$3Volume 69:Issue 1(2014)-
=856  40$32000-$uhttps://www.cambridge.org/core/journals/annales-histoire-sciences-sociales/all-issues
=856  40$uhttp://bibpurl.oclc.org/web/81639
=856  40$uhttp://www.revues.armand-colin.com/histoire/annales-histoire-sciences-sociales
=856  40$uhttp://bibpurl.oclc.org/web/21195
=856  40$uhttp://www.persee.fr/web/revues/home/prescript/revue/ahess
=856  40$uhttp://www.editions-sedes.com/revues/index.html
=856  40$uhttp://www.jstor.org/journals/03952649.html
=859  \\$aELD$bejournal
=985  \\$aISSN responsibility retained by ISSN France - see ISSN UK email correspondence dated 12/11/19.
=CAT  \\$a14412$b40$c20170107$lBLL01$h0808
=CAT  \\$a14412$b40$c20170107$lBLL01$h0809
=CAT  \\$a10983$b40$c20170216$lBLL01$h0954
=CAT  \\$a8323$b40$c20170615$lBLL01$h1132
=CAT  \\$a11313$b40$c20170925$lBLL01$h1359
=CAT  \\$a11313$b40$c20171003$lBLL01$h0737
=CAT  \\$a11313$b40$c20171003$lBLL01$h0738
=CAT  \\$aW1711-1005$c20171206$lBLL01$h1830
=CAT  \\$a8483$b40$c20191025$lBLL01$h1333
=CAT  \\$a10806$b40$c20191120$lBLL01$h0908
=FIN  \\$aY$d20170615
=FMT  \\$a  SE
=LAS  \\$a10806$b40$c20191120$lBLL01$h0908
=LKR  \\$aPAR$b009833143$lBLL01$nAnnales : histoire, sciences s$mAnnales : histoire, sciences s$r776
=MNI  \\$a0395-2649
=SRC  \\$aBLL02

