=LDR  04230cas a2200949 i 4500
=001  018166440
=003  Uk
=005  20221231145421.0
=006  m\\\\\|\\d\|\\\\\\
=007  cr\|||||||||||
=008  170107c20129999enkqr\p\o\\\\\0\\\b0eng\\
=015  \\$aGBB798544$2bnb
=022  \\$a2268-3763
=037  \\$aISSN_23985682$bPortico$nCambridge University Press
=040  \\$aUk$beng$cUk$erda
=042  \\$aukblsr
=082  04$a900$223
=130  0\$aAnnales (Paris, France).$lEnglish.
=222  \0$aAnnales$b(English ed. Online)
=245  10$aAnnales :$bhistoire, sciences sociales.
=246  13$aAnnales HSS
=250  \\$aEnglish edition.
=264  \1$aParis :$bÉditions de l'École des hautes études en sciences sociales,$c2012-
=264  31$32014-$a[Cambridge] :$b[Cambridge University Press]
=300  \\$billustrations (black and white)
=310  \\$aQuarterly
=336  \\$atext$2rdacontent
=337  \\$acomputer$2rdamedia
=338  \\$aonline resource$2rdacarrier
=362  0\$a67th year, no 1 (January/March 2012)-
=540  \\$aCurrent Copyright Fee: GBP25.00$c0$5Uk
=550  \\$aEdited by the École des hautes études en sciences sociales; with the support of the Centre national de la recherche scientifique, the Florence Gould Foundation, and the American University of Paris.
=588  \\$aLatest issue consulted: 70th year, number 2 (April-June 2015).
=650  \0$aHistory$vPeriodicals.
=650  \0$aHistoriography$vPeriodicals.
=650  \0$aSocial history$vPeriodicals.
=650  \0$aSocial sciences$vPeriodicals.
=710  2\$aÉcole des hautes études en sciences sociales,$eeditor.
=710  2\$aCentre national de la recherche scientifique (France)
=710  2\$aFlorence Gould Foundation.
=710  2\$aAmerican University of Paris.
=775  08$iAlso issued in French:$tAnnales (Paris, France)$x1953-8146
=776  08$iAlso issued in print as:$tAnnales (Paris, France). English$x2398-5682
=852  41$aBritish Library$bHMNTS$jELD Digital store$3Volume 69:Issue 2(2014)-
=856  40$uhttps://www.cambridge.org/core/journals/annales-histoire-sciences-sociales-english-edition/all-issues
=859  \\$aELD$bejournal
=945  \\$aAnnales histoire sciences sociales
=979  \\$aBritish Library$bDSC$j0889.420000N
=985  \\$aISSN responsibility retained by ISSN France - see ISSN UK email correspondence dated 12/11/19.
=ACF  \\$aPrevious copyright fee: GBP25.00$c43\0$e25-may-2017$fGBP25.00$g0$hP$5Uk
=ACF  \\$aPrevious Copyright Fee: GBP17.50$c0$e01-apr-2019$fGBP17.50$g0$hA$5Uk
=ACF  \\$aPrevious Copyright Fee: GBP20.00$c0$e01-jan-2020$fGBP20.00$g0$hA$5Uk
=CAT  \\$a14412$b40$c20170107$lBLL01$h0820
=CAT  \\$a14412$b40$c20170107$lBLL01$h0821
=CAT  \\$a10983$b40$c20170216$lBLL01$h0955
=CAT  \\$a5552$b40$c20170525$lBLL01$h1126
=CAT  \\$aBLDSS-3PM$b00$c20170601$lBLL01$h1853
=CAT  \\$aBATCH-UPD$b00$c20170601$lBLL01$h1854
=CAT  \\$a8323$b40$c20170615$lBLL01$h0810
=CAT  \\$a8323$b40$c20170922$lBLL01$h0845
=CAT  \\$a8323$b40$c20170922$lBLL01$h0857
=CAT  \\$aW1711-1005$c20171206$lBLL01$h1830
=CAT  \\$aW1902-1304$c20190314$lBLL01$h1242
=CAT  \\$aBATCH-UPD$b00$c20190314$lBLL01$h1620
=CAT  \\$aIPL-CLA$c20190331$lBLL01$h1732
=CAT  \\$aDEL-3PM$c20190409$lBLL01$h0908
=CAT  \\$a10806$b40$c20191120$lBLL01$h0916
=CAT  \\$aBATCH-CLA$b00$c20191219$lBLL01$h1804
=CAT  \\$aIPL-CLA$c20191231$lBLL01$h2043
=CAT  \\$aR2001-1524$c20200127$lBLL01$h2108
=CAT  \\$aBATCH-CLA$b00$c20201204$lBLL01$h1616
=CAT  \\$aIPL-CLA$c20201231$lBLL01$h1534
=CAT  \\$aBATCH-CLA$b00$c20221221$lBLL01$h1934
=CAT  \\$aIPL-CLA$c20221231$lBLL01$h1454
=CFI  0\$aCurrent Copyright Fee: GBP25.00$c0$e01-jan-2023$fGBP25.00$g0$hA$5Uk
=CFI  2\$aPrevious Copyright Fee: GBP22.50$c0$e01-jan-2021$fGBP22.50$g0$hA$5Uk
=FIN  \\$aY$d20170615
=FMT  \\$a  SE
=LAS  \\$aIPL-CLA$b00$c20221231$lBLL01$h1454
=LET  \0$aAnnales - English edition (Electronic)
=LKR  \\$aPAR$b017873499$lBLL01$nAnnales : histoire, sciences sociales (Print)$mAnnales : histoire, sciences sociales (Online)$r776
=MNI  \\$a2398-5682

