=LDR  02285cas a2200613 i 4500
=001  018166454
=003  Uk
=005  20170605141633.0
=006  m\\\\\|\\d\|\\\\\\
=007  cr\|||||||||||
=008  170107c19689999nyubr\p\o\\\\\0\\\a0eng\\
=015  \\$aGBB788204$2bnb
=022  0\$a1550-2759
=037  \\$aISSN_00431745_30$bPortico$nCambridge University Press
=040  \\$aUk$beng$cUk$erda
=042  \\$aukblsr
=082  04$a632.505$223
=210  0\$aWeed sci.$b(Online)
=222  \0$aWeed science$b(Online)
=245  00$aWeed science.
=264  \1$aUrbana, Ill. :$bWeed Science Society of America
=264  31$32017-$a[New York] :$bCambridge University Press
=310  \\$aBimonthly,$b<2000->
=321  \\$aQuarterly,$b<1991->
=321  \\$aQuarterly,$b1968-69
=321  \\$a6 no. a year,$b1970-
=336  \\$atext$2rdacontent
=337  \\$acomputer$2rdamedia
=338  \\$aonline resource$2rdacarrier
=362  1\$aPrint began with vol. 16, no. 1 (Jan. 1968).
=588  \\$aDescription based on print version record.
=588  \\$aLatest issue consulted: volume 65, issue 3 (May 2017) (Cambridge Core, viewed May 30, 2017).
=710  2\$aWeed Science Society of America,$eissuing body.
=776  08$iPrint version, -2016:$tWeed science$x0043-1745
=780  00$tWeeds (Urbana. Online)$x2326-1315
=852  41$aBritish Library$bHMNTS$jELD Digital store$3Volume 62: Issue 1(2014)-
=856  40$uhttps://www.cambridge.org/core/journals/weed-science
=859  \\$aELD$bejournal
=985  \\$aISSN responsibility transfer from U.S. to UK in progress (Richard, 05/06/17)
=CAT  \\$a8311$b40$c20170107$lBLL01$h1217
=CAT  \\$a10983$b40$c20170216$lBLL01$h0957
=CAT  \\$a5997$b40$c20170530$lBLL01$h1434
=CAT  \\$a5997$b40$c20170530$lBLL01$h1435
=CAT  \\$a10806$b40$c20170605$lBLL01$h1138
=CAT  \\$a10806$b40$c20170605$lBLL01$h1150
=CAT  \\$a10806$b40$c20170605$lBLL01$h1156
=CAT  \\$a10806$b40$c20170605$lBLL01$h1416
=CAT  \\$aW1711-1005$c20171206$lBLL01$h1830
=FIN  \\$aY$d20170530
=FMT  \\$a  SE
=LAS  \\$aW1711-1005$b00$c20171206$lBLL01$h1830
=LET  \0$aWeed science (Electronic)
=LKR  \\$aPAR$b011775610$lBLL01$nWeed science (Print)$mWeed science (Online)$r776
=MNI  \\$a0043-1745

