=LDR  02896cas a2200733 i 4500
=001  018178171
=003  Uk
=005  20221231145422.0
=006  m\\\\\|\\d\|\\\\\\
=007  cr\|||||||||||
=008  170114c20179999enkqr\p\o\\\\\0\\\a0eng\\
=015  \\$aGBB7J1373$2bnb
=022  0\$a2470-1483
=037  \\$aISSN_24701475$bPortico$nTaylor & Francis
=040  \\$aUk$beng$cUk$erda
=042  \\$aukblsr
=082  04$a004.678090$223
=245  00$aInternet histories :$bdigital technology, culture and society.
=246  30$aih
=264  \1$a[Abingdon] :$bRoutledge, Taylor & Francis Group,$c2017-
=310  \\$aQuarterly
=336  \\$atext$2rdacontent
=337  \\$acomputer$2rdamedia
=338  \\$aonline resource$2rdacarrier
=362  0\$aVolume 1, issue 1/2 (2017)-
=500  \\$aTitle from journal home page (Taylor & Francis Online, viewed October 9, 2017).
=540  \\$aCurrent copyright fee: GBP37.00$c2\0$5Uk
=588  \\$aLatest issue consulted: volume 1, issue 3 (2017) (viewed October 9, 2017).
=650  \0$aInternet$xHistory$vPeriodicals.
=650  \0$aDigital media$xHistory$vPeriodicals.
=776  08$iAlso issued in print as:$tInternet histories$x2470-1475
=852  41$aBritish Library$bHMNTS$jELD Digital store$3Volume 1:Issue 1/2(2017)-
=856  \\$31850-9999$uhttp://www.tandfonline.com/$xBLDSS
=856  40$uhttp://www.tandfonline.com/toc/rint20/current?nav=tocList
=859  \\$aELD$bejournal
=945  \\$aInternet histories.
=979  \\$aBritish Library$bDSC$j9838.213111N
=985  \\$aISSN still work record on Portal. US responsibility
=ACF  \\$aPrevious copyright fee: GBP32.00$c2\0$e31-oct-2019$fGBP32.00$g0$hP$5Uk
=ACF  \\$aPrevious copyright fee: GBP34.00$c2\0$e01-jan-2020$fGBP34.00$g0$hP$5Uk
=CAT  \\$a11433$b40$c20170114$lBLL01$h1042
=CAT  \\$a11450$b40$c20170221$lBLL01$h0841
=CAT  \\$a8124$b40$c20171010$lBLL01$h0826
=CAT  \\$aW1711-1005$c20171206$lBLL01$h1830
=CAT  \\$a8124$b40$c20180215$lBLL01$h1155
=CAT  \\$a5552$b40$c20191031$lBLL01$h1140
=CAT  \\$aBLDSS-3PM$b00$c20191107$lBLL01$h0908
=CAT  \\$aBATCH-UPD$b00$c20191107$lBLL01$h0910
=CAT  \\$a5410$b40$c20191121$lBLL01$h0939
=CAT  \\$aBATCH-UPD$b40$c20191122$lBLL01$h1903
=CAT  \\$aIPL-CLA$c20191231$lBLL01$h2043
=CAT  \\$aBATCH-UPD$b00$c20201118$lBLL01$h1337
=CAT  \\$aIPL-CLA$c20201231$lBLL01$h1534
=CAT  \\$aBATCH-UPD$b00$c20221121$lBLL01$h1350
=CAT  \\$aIPL-CLA$c20221231$lBLL01$h1454
=CFI  0\$aCurrent copyright fee: GBP37.00$c2\0$e01-jan-2023$fGBP37.00$g0$hP$5Uk
=CFI  2\$aPrevious copyright fee: GBP35.00$c2\0$e01-jan-2021$fGBP35.00$g0$hP$5Uk
=FFP  \\$aY$bBLDSS-3PM
=FIN  \\$aY$d20171010
=FMT  \\$a  SE
=LAS  \\$aIPL-CLA$b00$c20221231$lBLL01$h1454
=LET  \0$aInternet histories (Electronic)
=MNI  \\$a2470-1475
=TOC  \\$aETOC

