=LDR  03649cas a2200841 i 4500
=001  018236281
=003  Uk
=005  20230815141911.0
=006  m\\\\\\\\d\|\\\\\\
=007  cr||||||||||||
=008  170222c20179999sz\\x\p\o\\\\\0\\\a0eng\\
=015  \\$aGBC140455$2bnb
=022  0\$a2514-183X
=037  \\$actn$bSage (UK) Ltd
=040  \\$aUk$beng$cUk$erda
=042  \\$aukblsr
=082  04$a616.8005$223
=222  \0$aClinical and translational neuroscience
=245  00$aClinical and translational neuroscience.
=264  \1$aLondon :$bSAGE Publishing,$c2017-
=264  31$aBasel, Switzerland :$bMDPI
=336  \\$atext$2rdacontent
=337  \\$acomputer$2rdamedia
=338  \\$aonline resource$2rdacarrier
=362  0\$aVolume 1:1 (January-June 2017)-
=500  \\$aArticles continuously published and compiled into annual volumes.
=540  \\$aCurrent copyright Fee: zero$c0$5Uk
=588  \\$aDescription based on: volume 1:1 (January-June 2017); title from PDF article running title (SAGE Journals website, viewed March 11, 2021).
=588  \\$aLatest issue consulted: volume 5, issue 2 (2021) (MDPI website, viewed July 23, 2021).
=650  \0$aNeurosciences$vPeriodicals.
=650  \0$aPsychiatry$vPeriodicals.
=650  \0$aNervous system$xDiseases$vPeriodicals.
=650  \0$aPsychotherapy$vPeriodicals.
=780  01$tSchweizer Archiv für Neurologie und Psychiatrie$x1661-3686
=852  41$aBritish Library$bHMNTS$jELD Digital store$3Volume 1:Issue 1(2017)-Volume 5:Issue 1(2021)
=856  \\$uhttps://journals.sagepub.com/home/ctn
=856  40$uhttps://us.sagepub.com/en-us/nam/clinical-and-translational-neuroscience/journal203403$xOA-J
=856  40$uhttps://www.mdpi.com/journal/ctn
=859  \\$aELD$bejournal
=945  \\$aClinical and translational neuroscience.
=979  \\$aBritish Library$bDSC$j3286.254970N
=985  \\$aISSN UK Centre: responsibility transferred to ISSN Switzerland 23/7/21 DLW.
=ACF  \\$aPrevious Copyright Fee: GBP28.00$c103\0$e24-may-2017$fGBP28.00$g0$hP$5Uk
=CAT  \\$a10973$b40$c20170222$lBLL01$h0851
=CAT  \\$a10983$b40$c20170407$lBLL01$h0900
=CAT  \\$a5552$b40$c20170524$lBLL01$h1353
=CAT  \\$aBATCH-UPD$b40$c20170531$lBLL01$h0152
=CAT  \\$aBLDSS-3PM$b00$c20170601$lBLL01$h1853
=CAT  \\$aBATCH-UPD$b00$c20170601$lBLL01$h1854
=CAT  \\$a5552$b40$c20170717$lBLL01$h0859
=CAT  \\$a10983$b40$c20171108$lBLL01$h1352
=CAT  \\$aW1711-1005$c20171206$lBLL01$h1830
=CAT  \\$a5110$b40$c20171214$lBLL01$h1551
=CAT  \\$a5110$b40$c20171214$lBLL01$h1554
=CAT  \\$a10806$b40$c20200220$lBLL01$h1523
=CAT  \\$a10806$b40$c20200226$lBLL01$h1114
=CAT  \\$a10806$b40$c20200226$lBLL01$h1124
=CAT  \\$a11315$b40$c20210311$lBLL01$h1043
=CAT  \\$a11315$b40$c20210311$lBLL01$h1045
=CAT  \\$a10973$b40$c20210723$lBLL01$h1004
=CAT  \\$a10973$b40$c20210723$lBLL01$h1024
=CAT  \\$a5552$b40$c20211217$lBLL01$h0727
=CAT  \\$aDEL-3PM$c20211220$lBLL01$h0928
=CAT  \\$aBATCH-FIX$c20230511$lBLL01$h1631
=CAT  \\$aS2306_0332$c20230613$lBLL01$h0906
=CAT  \\$a8055$b40$c20230815$lBLL01$h1419
=CFI  0\$aCurrent copyright Fee: zero$c0$e17-dec-2021$fGBP0.00$g0$hZ$5Uk
=CFI  2\$aPrevious Copyright Fee: zero$c103\0$e17-jul-2017$fGBP0.00$g0$hP$5Uk
=FIN  \\$aY$d20171214
=FMT  \\$a  SE
=LAS  \\$a8055$b40$c20230815$lBLL01$h1419
=LET  \0$aClinical and translational neuroscience (Electronic)
=LKR  \\$aPAR$b017987020$lBLL01$r78001$mClinical and translational neuroscience$nSwiss archives of neurology, psychiatry and psychotherapy (Print)

