=LDR  03394cas a2200781 i 4500
=001  018269569
=003  Uk
=005  20221231145425.0
=006  m\\\\\|\\d\|\\\\\\
=007  cr||||||||||||
=008  170321c20099999ii\fr\p\o\\\\\0\\\a0eng\\
=015  \\$aGBB871681$2bnb
=022  0\$a2456-6306
=037  \\$aISSN_09751270$bPortico$nTaylor & Francis
=040  \\$aUk$beng$cUk$erda
=042  \\$aukblsr
=082  04$a570$223
=130  0\$aJournal of life sciences (New Delhi, India)
=222  \0$aJournal of life sciences$b(Delhi. Online)
=245  10$aJournal of life sciences.
=264  \1$a[New Delhi] :$b[Kamla Raj Enterprises co-published with Taylor & Francis (UK)]
=310  \\$aSemiannual
=336  \\$atext$2rdacontent
=337  \\$acomputer$2rdamedia
=338  \\$aonline resource$2rdacarrier
=362  1\$aPrint began in 2009.
=540  \\$aCurrent copyright fee: GBP37.00$c2\0$5Uk
=588  \\$aDescription based on: volume 9, issue 1 (2017) ; title from journal homepage (Taylor & Francis Online, viewed April 17, 2018).
=650  \0$aLife sciences$vPeriodicals.
=776  08$iAlso issued in print as:$tJournal of life sciences$x0975-1270
=852  41$aBritish Library$bHMNTS$jELD Digital store$3Volume 8:Number 1/2(2016)-Volume 9:Number 2(2017)
=856  40$31850-9999$uhttp://www.tandfonline.com/$xBLDSS
=856  4\$uhttp://www.krepublishers.com/journaloflifesciences.html
=856  40$uhttps://www.tandfonline.com/toc/rlsc20/current
=859  \\$aELD$bejournal
=945  \\$aJournal of Life Sciences -Delhi-.
=979  \\$aBritish Library$bDSC$j5010.455500N
=985  \\$aCataloguers note: ISSN Key title not verified in Portal (17.4.18), responsibility of ISSN India and still 'work status'. Will need updating once completed in Portal.
=ACF  \\$aPrevious copyright fee: GBP28.00$c2\0$e25-may-2017$fGBP28.00$g0$hP$5Uk
=ACF  \\$aPrevious copyright fee: GBP30.00$c2\0$e01-jan-2018$fGBP30.00$g0$hP$5Uk
=ACF  \\$aPrevious copyright fee: GBP32.00$c2\0$e01-jan-2019$fGBP32.00$g0$hP$5Uk
=ACF  \\$aPrevious copyright fee: GBP34.00$c2\0$e01-jan-2020$fGBP34.00$g0$hP$5Uk
=CAT  \\$a10983$b40$c20170321$lBLL01$h1050
=CAT  \\$a5552$b40$c20170525$lBLL01$h1150
=CAT  \\$aBLDSS-3PM$b00$c20170601$lBLL01$h1853
=CAT  \\$aBATCH-UPD$b00$c20170601$lBLL01$h1854
=CAT  \\$aBATCH-UPD$b00$c20171121$lBLL01$h1651
=CAT  \\$aW1711-1005$c20171206$lBLL01$h1830
=CAT  \\$aIPL-CLA$c20171231$lBLL01$h1834
=CAT  \\$a10973$b40$c20180417$lBLL01$h1018
=CAT  \\$a10973$b40$c20180417$lBLL01$h1020
=CAT  \\$a10983$b40$c20180519$lBLL01$h1002
=CAT  \\$aBATCH-UPD$b40$c20181217$lBLL01$h1641
=CAT  \\$aIPL-CLA$c20181231$lBLL01$h1556
=CAT  \\$aBATCH-UPD$b00$c20191122$lBLL01$h1903
=CAT  \\$aIPL-CLA$c20191231$lBLL01$h2044
=CAT  \\$aBATCH-UPD$b00$c20201118$lBLL01$h1337
=CAT  \\$aIPL-CLA$c20201231$lBLL01$h1534
=CAT  \\$a10973$b40$c20210426$lBLL01$h1421
=CAT  \\$aBATCH-UPD$b40$c20221121$lBLL01$h1350
=CAT  \\$aIPL-CLA$c20221231$lBLL01$h1454
=CFI  0\$aCurrent copyright fee: GBP37.00$c2\0$e01-jan-2023$fGBP37.00$g0$hP$5Uk
=CFI  2\$aPrevious copyright fee: GBP35.00$c2\0$e01-jan-2021$fGBP35.00$g0$hP$5Uk
=FFP  \\$aY$bBLDSS-3PM
=FIN  \\$aY$d20180417
=FMT  \\$a  SE
=LAS  \\$aIPL-CLA$b00$c20221231$lBLL01$h1454
=MNI  \\$a0975-1270

