=LDR  03398cas a2200745 i 4500
=001  018275809
=003  Uk
=005  20221231145426.0
=006  m\\\\\|\\d\|\\\\\\
=007  cr||||||||||||
=008  170328c20179999pauqr\p\o\\\\\0\\\a0eng\\
=015  \\$aGBB819408$2bnb
=022  \\$a2472-5846
=037  \\$aISSN_24725838$bPortico$nTaylor & Francis
=040  \\$aUk$beng$cUk$erda
=042  \\$aukblsr
=082  04$a620.8205$223
=245  00$aIISE transactions on occupational ergonomics and human factors.
=246  3\$aInstitute of Industrial and Systems Engineers transactions on occupational ergonomics and human factors
=264  \1$aPhiladelphia, PA :$bTaylor & Francis Group,$c2017-
=310  \\$aQuarterly
=336  \\$atext$2rdacontent
=337  \\$acomputer$2rdamedia
=338  \\$aonline resource$2rdacarrier
=362  0\$aVolume 5, issue 1 (2017)-
=500  \\$aTitle from journal homepage (Taylor & Francis Online, viewed January 29, 2018).
=540  \\$aCurrent copyright fee: GBP43.00$c2\0$5Uk
=580  \\$aIncludes issues of earlier title: IIE transactions on occupational ergonomics and human factors.
=588  \\$aLatest issue consulted: volume 5, issue 3/4 (2017).
=650  \0$aHuman engineering$vPeriodicals.
=710  2\$aInstitute of Industrial and Systems Engineers,$eissuing body.
=776  08$iAlso issued in print as:$tIISE transactions on occupational ergonomics and human factors$x2472-5838
=780  10$tIIE transactions on occupational ergonomics and human factors$x2157-7331
=852  41$aBritish Library$bHMNTS$jELD Digital store$3Volume 5:Issue 1(2017)-
=856  \\$31850-9999$uhttp://www.tandfonline.com/$xBLDSS
=856  40$uhttp://www.tandfonline.com/toc/uehf21/current
=859  \\$aELD$bejournal
=945  \\$aIISE transactions on occupational ergonomics and human factors.
=979  \\$aBritish Library$bDSC$j4363.845900N
=985  \\$aCataloguing note: ISSN (US responsibility) not yet verified in Portal record so 222 not added 29.1.18.
=ACF  \\$aPrevious copyright fee: GBP37.00$c2\0$e20-aug-2019$fGBP37.00$g0$hP$5Uk
=ACF  \\$aPrevious copyright fee: GBP39.00$c2\0$e01-jan-2020$fGBP39.00$g0$hP$5Uk
=CAT  \\$a10983$b40$c20170328$lBLL01$h1538
=CAT  \\$a10983$b40$c20170525$lBLL01$h1538
=CAT  \\$aW1711-1005$c20171206$lBLL01$h1830
=CAT  \\$a10973$b40$c20180129$lBLL01$h1057
=CAT  \\$a10973$b40$c20180129$lBLL01$h1058
=CAT  \\$a5552$b40$c20190820$lBLL01$h0750
=CAT  \\$aBLDSS-3PM$b00$c20190828$lBLL01$h1615
=CAT  \\$aBATCH-UPD$b00$c20190828$lBLL01$h1615
=CAT  \\$aBATCH-UPD$b00$c20191122$lBLL01$h1908
=CAT  \\$aIPL-CLA$c20191231$lBLL01$h2044
=CAT  \\$aBATCH-UPD$b00$c20201118$lBLL01$h1342
=CAT  \\$aIPL-CLA$c20201231$lBLL01$h1534
=CAT  \\$aBATCH-UPD$b00$c20221121$lBLL01$h1341
=CAT  \\$aIPL-CLA$c20221231$lBLL01$h1454
=CFI  0\$aCurrent copyright fee: GBP43.00$c2\0$e01-jan-2023$fGBP43.00$g0$hP$5Uk
=CFI  2\$aPrevious copyright fee: GBP41.00$c2\0$e01-jan-2021$fGBP41.00$g0$hP$5Uk
=FFP  \\$aY$bBLDSS-3PM
=FIN  \\$aY$d20180129
=FMT  \\$a  SE
=LAS  \\$aIPL-CLA$b00$c20221231$lBLL01$h1454
=LKR  \\$aPAR$b017111024$lBLL01$r78000$mIISE transactions on occupational ergonomics and human factors.$nIIE transactions on occupational ergonomics and human factors.
=MNI  \\$a2472-5838
=TOC  \\$aETOC

