=LDR  03039 as a2200709 i 4500
=001  018292321
=003  Uk
=005  20210106111255.0
=006  m\\\\\\\\d\|\\\\\\
=007  cr||||||||||||
=008  170406c19979999tu\ar\p\o\\\\\0\\\a0eng\\
=022  \\$a2514-6009
=040  \\$aUk$beng$cUk$erda
=041  0\$aeng$aara$atur
=042  \\$aukblsr
=082  04$a956.9442005$223
=222  \0$aJournal of Islamic Jerusalem studies$b(Online)
=245  00$aJournal of Islamic Jerusalem studies.
=246  1\$iIssues for <summer 2005-> called:$aJournal of Islamicjerusalem studies
=246  1\$iIssues for <summer 2005-> have also Arabic title:$aMajallat dirāsāt Bayt al-Quds
=246  13$aJIJS
=246  15$aMajallat dirāsāt al-Quds al-Islāmīyah
=264  \1$a[Dunblane] :$b[Islamic Research Academy],$c1997-
=264  21$aDundee :$bAcademy for Islamicjerusalem Studies
=264  31$aIstanbul, Turkey :$bBeytülmakdis Çalışmaları Vakfı
=300  \\$billustrations (black and white)
=310  \\$aAnnual
=336  \\$atext$2rdacontent
=337  \\$acomputer$2rdamedia
=338  \\$aonline resource$2rdacarrier
=362  1\$aPrint began with volume 1, number 1 (winter 1997).
=546  \\$aText in Arabic, English and Turkish.
=588  \\$aDescription based on: vol. 1.1 (winter 1997) (Islamicjerusalem eLibrary, viewed April 6, 2017).
=588  \\$aLatest issue consulted: volume 18.1 (summer 2018) (viewed February 5, 2020).
=650  \0$aIslam$zJerusalem$xHistory$vPeriodicals.
=650  \0$aIslamic civilization$xStudy and teaching$vPeriodicals.
=651  \0$aJerusalem$xIn Islam$vPeriodicals.
=651  \0$aJerusalem$xHistory$vPeriodicals.
=710  2\$aIslamic Research Academy (Dundee, Scotland)
=710  2\$aAcademy for Islamicjerusalem Studies (Dundee, Scotland)
=776  08$iPrint version, -2011:$tJournal of Islamic Jerusalem studies$x1367-1936
=852  41$aBritish Library$bHMNTS$jELD Digital store$3(2012:Summer)-
=856  40$uhttp://isravakfi.org/elibrary/en/enjournals/$xOA-J
=856  40$uhttps://dergipark.org.tr/en/pub/beytulmakdis
=859  \\$aELD$bejournal
=985  \\$aISSN UK Centre note: ROAD OA
=985  \\$aISSN responsibility transfer to ISSN Turkey in progress, (Richard, 06/01/21)
=CAT  \\$a10806$b40$c20170406$lBLL01$h0930
=CAT  \\$a10806$b40$c20170406$lBLL01$h0931
=CAT  \\$a8871$b40$c20170927$lBLL01$h1508
=CAT  \\$a8483$b40$c20200205$lBLL01$h1028
=CAT  \\$a8483$b40$c20200205$lBLL01$h1030
=CAT  \\$a8483$b40$c20200205$lBLL01$h1133
=CAT  \\$a10973$b40$c20200207$lBLL01$h1716
=CAT  \\$a14586$b40$c20200210$lBLL01$h1211
=CAT  \\$a10806$b40$c20210106$lBLL01$h1052
=CAT  \\$a10806$b40$c20210106$lBLL01$h1112
=FIN  \\$aY$d20170406
=FMT  \\$a  SE
=LAS  \\$a10806$b40$c20210106$lBLL01$h1112
=LET  \0$aJournal of Islamicjerusalem studies (Electronic)
=LKR  \\$aPAR$b007921312$lBLL01$r776$mJournal of Islamic Jerusalem studies (Online)$nJournal of Islamic Jerusalem studies

