=LDR  04486cas a2200949 i 4500
=001  018311409
=003  Uk
=005  20211231173625.0
=007  ta
=008  170424c20179999gw\qr\p\\\\\\\0\\\a0eng\\
=015  \\$aGBB7K5226$2bnb
=022  \\$a2514-7552
=040  \\$aUk$beng$cUk$erda
=042  \\$aukblsr
=082  04$a617.643005$223
=222  \0$aJournal of aligner orthodontics$b(Print)
=245  00$aJournal of aligner orthodontics.
=246  30$aJAO
=264  \1$aNew Malden, Surrey, UK :$bQuintessence Publishing Co. Ltd,$c2017-
=264  31$aBerlin, Germany :$bQuintessenz Verlags-GmbH
=300  \\$billustrations (black and white, and colour) ;$c28 cm
=310  \\$aQuarterly
=336  \\$atext$2rdacontent
=337  \\$aunmediated$2rdamedia
=338  \\$avolume$2rdacarrier
=362  0\$aVolume 1, issue 1 (autumn 2017)-
=540  \\$aCurrent Copyright Fee: GBP8.74$c0$5Uk
=550  \\$a"Official publication of: The European Aligner Society EAS, The French Society for Aligner Orthodontics SFOPA, The German Association for Aligner Orthodontics DGAO, The Japan Academy of Aligner Orthodontics JAAO, The Moroccan Society for Aligner Orthodontics SMOA, The Swiss Society for Aligner Orthodontics SSAO, The Taiwan Association of Aligner Orthodontics TAAO."
=588  \\$aLatest issue consulted: volume 3, issue 4 (winter 2019).
=650  \0$aOrthodontics, Corrective$vPeriodicals.
=650  \0$aOrthodontic appliances$vPeriodicals.
=710  2\$aEuropean Aligner Society.
=710  2\$aSociété Française d'Orthodontie par Aligneurs.
=710  2\$aDeutsche Gesellschaft für Aligner Orthodontie.
=710  2\$aNihon Arainā Kyōsei Shika Kenkyūkai.
=710  2\$aSociété Marocaine d'Orthodontie par Aligneur.
=710  2\$aSchweizerische Gesellschaft für Aligner Orthodontie.
=710  2\$aZhonghua Minguo yin xing jiao zheng xue hui.
=776  08$iAlso issued online as:$tJournal of aligner orthodontics$x2514-7560
=852  41$aBritish Library$bHMNTS$jZC.9.b.10397$3Vol. 1, no. 1 (autumn 2017)-
=985  \\$aISSN UK Centre note: responsibility transferred to ISSN Germany 13.3.20
=ACF  \\$aPrevious Copyright Fee: GBP7.60$c0$e01-oct-2017$fGBP7.60$g0$hC$5Uk
=ACF  \\$aPrevious Copyright Fee: GBP7.69$c0$e01-jan-2018$fGBP7.69$g0$hC$5Uk
=ACF  \\$aPrevious Copyright Fee: GBP7.14$c0$e01-apr-2018$fGBP7.14$g0$hC$5Uk
=ACF  \\$aPrevious Copyright Fee: GBP7.69$c0$e01-oct-2018$fGBP7.69$g0$hC$5Uk
=ACF  \\$aPrevious Copyright Fee: GBP8.00$c0$e01-oct-2019$fGBP8.00$g0$hC$5Uk
=ACF  \\$aPrevious Copyright Fee: GBP7.69$c0$e01-apr-2020$fGBP7.69$g0$hC$5Uk
=ACF  \\$aPrevious Copyright Fee: GBP8.00$c0$e01-jul-2020$fGBP8.00$g0$hC$5Uk
=ACF  \\$aPrevious Copyright Fee: GBP7.44$c0$e01-apr-2021$fGBP7.44$g0$hC$5Uk
=ACF  \\$aPrevious Copyright Fee: GBP7.22$c0$e01-jul-2021$fGBP7.22$g0$hC$5Uk
=CAT  \\$a11313$b40$c20170424$lBLL01$h0917
=CAT  \\$aBATCH-CLA$b00$c20180228$lBLL01$h1647
=CAT  \\$aIPL-CLA$c20180331$lBLL01$h1721
=CAT  \\$a11205$b40$c20180705$lBLL01$h1054
=CAT  \\$a11205$b40$c20180705$lBLL01$h1056
=CAT  \\$a8871$b40$c20180807$lBLL01$h1522
=CAT  \\$aBATCH-CLA$b00$c20180831$lBLL01$h1625
=CAT  \\$aIPL-CLA$c20180930$lBLL01$h1521
=CAT  \\$aBATCH-CLA$b00$c20190909$lBLL01$h1715
=CAT  \\$aIPL-CLA$c20190930$lBLL01$h1658
=CAT  \\$aBATCH-CLA$b00$c20200228$lBLL01$h1637
=CAT  \\$a10973$b40$c20200312$lBLL01$h1657
=CAT  \\$a10973$b40$c20200313$lBLL01$h1046
=CAT  \\$a10973$b40$c20200313$lBLL01$h1047
=CAT  \\$a10806$b40$c20200318$lBLL01$h1457
=CAT  \\$aIPL-CLA$c20200331$lBLL01$h1637
=CAT  \\$aBATCH-CLA$b00$c20200529$lBLL01$h1530
=CAT  \\$aIPL-CLA$c20200701$lBLL01$h0123
=CAT  \\$aBATCH-CLA$b00$c20210227$lBLL01$h1008
=CAT  \\$aIPL-CLA$c20210331$lBLL01$h1909
=CAT  \\$aBATCH-CLA$b00$c20210528$lBLL01$h1524
=CAT  \\$aIPL-CLA$c20210704$lBLL01$h1127
=CAT  \\$aBATCH-CLA$b00$c20210917$lBLL01$h1601
=CAT  \\$aIPL-CLA$c20210930$lBLL01$h1658
=CAT  \\$aBATCH-CLA$b00$c20211203$lBLL01$h0813
=CAT  \\$aIPL-CLA$c20211231$lBLL01$h1736
=CFI  0\$aCurrent Copyright Fee: GBP8.74$c0$e01-jan-2022$fGBP8.74$g0$hC$5Uk
=CFI  2\$aPrevious Copyright Fee: GBP7.10$c0$e01-oct-2021$fGBP7.10$g0$hC$5Uk
=FIN  \\$aY$d20171106
=FMT  \\$a  SE
=LAS  \\$aIPL-CLA$b00$c20211231$lBLL01$h1736
=LET  \0$aJournal of aligner orthodontics (Print)

