=LDR  04034cas a2201021 i 4500
=001  018606878
=003  Uk
=005  20221209100610.0
=006  m\\\\\|\\d\|\\\\\\
=007  cr\|||||||||||
=008  171113c20189999enk\x\p\o\\\\\0\\\a0eng\\
=015  \\$aGBB8A4732$2bnb
=022  \\$a2573-8461
=037  \\$aISSN_25738461$bPortico$nWiley
=037  3\$aISSN_25738461_33$bPortico$nHindawi
=040  \\$aUk$beng$cUk$dUk$erda
=042  \\$aukblsr
=082  04$a615.5$223
=210  10$aAdv cell gene ther.
=222  \0$aAdvances in cell and gene therapy
=245  00$aAdvances in cell and gene therapy.
=264  \1$a[Hoboken] :$bWiley
=264  31$32022-$a[London] :$bHindawi
=300  \\$billustrations (black and white, and colour)
=310  \\$aFrequency of update varies,$b2022-
=321  \\$aQuarterly,$b2018-2021
=336  \\$atext$2rdacontent
=337  \\$acomputer$2rdamedia
=338  \\$aonline resource$2rdacarrier
=362  0\$aVolume 1, issue 1 (May 2018)-
=500  \\$aTitle from PDF cover title (Wiley Online Library, viewed June 7, 2018).
=515  \\$aArticles added throughout the year and compiled into annual volumes.
=540  \\$aCurrent Copyright Fee: GBP32.00$c35\0$5Uk
=588  \\$aLatest issue consulted: volume 2022, article ID 9670992 (viewed November 30, 2022).
=650  \0$aCellular therapy$vPeriodicals.
=650  \0$aGene therapy$vPeriodicals.
=650  \0$aImmunotherapy$vPeriodicals.
=650  \0$aCancer$xTreatment$vPeriodicals.
=650  \0$aBone marrow$xDiseases$xTreatment$vPeriodicals.
=650  \0$aBlood$xDiseases$xTreatment$vPeriodicals.
=852  \\$aBritish Library$bDSC$j0703.197000$3Volume 1:Issue 1(2018)-Volume 4:Issue 4(2021)
=852  41$aBritish Library$bHMNTS$jELD Digital store$3Volume 1:Issue 1(2018)-
=856  \\$31850-9999$uhttp://onlinelibrary.wiley.com/$xBLDSS
=856  40$32018-2021$uhttps://onlinelibrary.wiley.com/loi/25738461
=856  40$32022-$uhttps://www.hindawi.com/journals/acgt/
=859  \\$aELD$bejournal
=945  \\$aAdvances in cell and gene therapy
=959  \\$fHeld but not currently received
=979  \\$aBritish Library$bDSC$j0703.197000
=985  \\$aISSN responsibility decision pending 30/11/22.
=ACF  \\$aPrevious copyright fee: GBP24.00$c35\0$e04-jul-2018$fGBP24.00$g0$hP$5Uk
=CAT  \\$a11450$b40$c20171113$lBLL01$h0855
=CAT  \\$a8323$b40$c20180607$lBLL01$h0835
=CAT  \\$a8323$b40$c20180607$lBLL01$h0837
=CAT  \\$a8055$b40$c20180704$lBLL01$h1310
=CAT  \\$aBATCH-UPD$b40$c20180710$lBLL01$h2252
=CAT  \\$aBLDSS-3PM$b00$c20180723$lBLL01$h1541
=CAT  \\$aBATCH-UPD$b00$c20180723$lBLL01$h1549
=CAT  \\$aBATCH-UPD$b00$c20181121$lBLL01$h1627
=CAT  \\$aIPL-CLA$c20181231$lBLL01$h1556
=CAT  \\$aR1911-0245$c20191127$lBLL01$h0823
=CAT  \\$aR1911-0245$c20191127$lBLL01$h1045
=CAT  \\$aIPL-CLA$c20191231$lBLL01$h2044
=CAT  \\$a12654$b40$c20220128$lBLL01$h0925
=CAT  \\$a9667$b40$c20220324$lBLL01$h0917
=CAT  \\$a9667$b40$c20220324$lBLL01$h0922
=CAT  \\$a14412$b40$c20220324$lBLL01$h1043
=CAT  \\$a14412$b40$c20220324$lBLL01$h1044
=CAT  \\$a14586$b40$c20220704$lBLL01$h1804
=CAT  \\$a10969$b40$c20221130$lBLL01$h1208
=CAT  \\$a10969$b40$c20221130$lBLL01$h1251
=CAT  \\$a10969$b40$c20221130$lBLL01$h1254
=CAT  \\$a10969$b40$c20221130$lBLL01$h1455
=CAT  \\$a10969$b40$c20221130$lBLL01$h1558
=CAT  \\$a5410$b40$c20221201$lBLL01$h1038
=CAT  \\$a5410$b40$c20221209$lBLL01$h1005
=CAT  \\$a5410$b40$c20221209$lBLL01$h1006
=CFI  0\$aCurrent Copyright Fee: GBP32.00$c35\0$e01-jan-2020$fGBP32.00$g0$hP$5Uk
=CFI  2\$aPrevious copyright fee: GBP28.00$c35\0$e01-jan-2019$fGBP28.00$g0$hP$5Uk
=EST  \\$a1
=FFP  \\$aY$bBLDSS-3PM
=FIN  \\$aY$d20180607
=FMT  \\$a  SE
=LAS  \\$a5410$b40$c20221209$lBLL01$h1006
=LET  \0$aAdvances in cell and gene therapy (Electronic)
=MNI  \\$a2573-8461
=TOC  \\$aETOC
=UNO  \\$aY

