=LDR  03324cas a2200841 i 4500
=001  018607694
=003  Uk
=005  20221201124833.0
=006  m\\\\\|\\d\|\\\\\\
=007  cr\|||||||||||
=008  171114c20179999enk\x\p\o\\\\\0\\\a0eng\\
=015  \\$aGBB819449$2bnb
=022  \\$a2475-0387
=037  3\$aISSN_24750387_33$bPortico$nHindawi
=037  \\$aISSN_24750387$bPortico$nWiley
=040  \\$aUk$beng$cUk$dUk$erda
=042  \\$aukblsr
=082  04$a302.05$223
=222  \0$aJournal of theoretical social psychology
=245  00$aJournal of theoretical social psychology.
=264  \1$a[Oxford] :$bWiley,$c2017-
=264  31$32022-$a[London] :$bHindawi
=310  \\$aFrequency of update varies,$b2022-
=321  \\$aQuarterly,$b2017-2021
=336  \\$atext$2rdacontent
=337  \\$acomputer$2rdamedia
=338  \\$aonline resource$2rdacarrier
=362  0\$aVolume 1, issue 1 (July 2017)-
=500  \\$aTitle from table of contents page (Wiley Online Library, viewed January 29, 2017).
=515  \\$aArticles added throughout the year and compiled into annual volumes.
=540  \\$aCurrent Copyright Fee: GBP32.00$c35\0$5Uk
=588  \\$aLatest issue consulted: volume 2022, article ID 7259257 (viewed December 01, 2022).
=650  \0$aSocial psychology$vPeriodicals.
=852  41$aBritish Library$bHMNTS$jELD Digital store$3Volume 1:Number 1(2017)-
=852  \\$aBritish Library$bDSC$j5069.075720$3Volume 2:Issue 1(2018)-
=856  \\$31850-9999$uhttp://onlinelibrary.wiley.com/$xBLDSS
=856  40$32017-2021$uhttp://onlinelibrary.wiley.com/journal/10.1002/(ISSN)2475-0387
=856  40$32022-$uhttps://www.hindawi.com/journals/jtsp/
=859  \\$aELD$bejournal
=945  \\$aJournal of theoretical social psychology
=959  \\$fHeld but not currently received
=985  \\$aISSN responsibility decision pending 01/12/22.
=ACF  \\$aPrevious copyright fee: GBP24.00$c35\0$e13-jul-2018$fGBP24.00$g0$hP$5Uk
=CAT  \\$a14412$b40$c20171114$lBLL01$h1202
=CAT  \\$a14412$b40$c20171114$lBLL01$h1203
=CAT  \\$aW1711-1005$c20171206$lBLL01$h1830
=CAT  \\$a11205$b40$c20180129$lBLL01$h1449
=CAT  \\$a11205$b40$c20180129$lBLL01$h1454
=CAT  \\$a10983$b40$c20180219$lBLL01$h1444
=CAT  \\$a8055$b40$c20180713$lBLL01$h1441
=CAT  \\$aBATCH-UPD$b40$c20180718$lBLL01$h0008
=CAT  \\$aBLDSS-3PM$b00$c20180723$lBLL01$h1541
=CAT  \\$aBATCH-UPD$b00$c20180723$lBLL01$h1549
=CAT  \\$aBATCH-UPD$b00$c20181121$lBLL01$h1627
=CAT  \\$aIPL-CLA$c20181231$lBLL01$h1556
=CAT  \\$aR1911-0245$c20191127$lBLL01$h0823
=CAT  \\$aR1911-0245$c20191127$lBLL01$h1045
=CAT  \\$aIPL-CLA$c20191231$lBLL01$h2044
=CAT  \\$a12654$b40$c20220128$lBLL01$h0914
=CAT  \\$a15190$b40$c20220324$lBLL01$h1008
=CAT  \\$a15190$b40$c20220324$lBLL01$h1032
=CAT  \\$a10983$b40$c20220930$lBLL01$h1358
=CAT  \\$a10969$b40$c20221201$lBLL01$h1248
=CFI  0\$aCurrent Copyright Fee: GBP32.00$c35\0$e01-jan-2020$fGBP32.00$g0$hP$5Uk
=CFI  2\$aPrevious copyright fee: GBP28.00$c35\0$e01-jan-2019$fGBP28.00$g0$hP$5Uk
=EST  \\$a1
=FFP  \\$aY$bBLDSS-3PM
=FIN  \\$aY$d20180129
=FMT  \\$a  SE
=LAS  \\$a10969$b40$c20221201$lBLL01$h1248
=MNI  \\$a2475-0387
=TOC  \\$aETOC
=UNO  \\$aY

