=LDR  04206cas a2200877 i 4500
=001  018611720
=003  Uk
=005  20220223082512.0
=006  m\\\\\o\\d\\\\\\\\
=007  cr\|||||||||||
=008  100915d2008201uenkfr\pso\\\\\0\\\a0eng\\
=010  \\$a  2017208060
=015  \\$aGBB7L7493$2bnb
=022  0\$a2226-4639
=035  \\$a(OCoLC)664157568$z(OCoLC)1001025161
=037  \\$aISSN_18516599$bPortico$nEmerald
=040  \\$aCS1$beng$cCS1$dOCLCQ$dOCLCF$dOCLCQ$dUAB$dDLC$dOCLCQ$dOCL$dOCLCO$dUk$erda
=042  \\$apcc$aukblsr
=050  00$aHD28
=082  04$a330$223
=210  0\$aJ. Cent. Cathedra$b(En línea)
=222  \0$aJournal of Centrum Cathedra$b(En línea)
=245  00$aJournal of centrum cathedra.
=246  3\$aJCC
=264  \1$aBuenos Aires :$bCengage Learning Argentina S.A.
=264  31$32015-$a[Bingley?] :$bEmerald Publishing Limited
=310  \\$aSemiannual
=336  \\$atext$2rdacontent
=337  \\$acomputer$brdamedia
=338  \\$aonline resource$brdacarrier
=362  0\$aVolume 1, issue 1 (2008)-
=500  \\$aTitle from journal credits (viewed Sep. 15, 2010).
=540  \\$aCurrent copyright fee: zero$c25\0$5Uk
=550  \\$aIssued by: CENTRUM Católica Graduate Business School.
=588  \\$aLatest issue consulted: Volume 10, issue 1 (2017) (Emerald Insight, http://www.emeraldinsight.com/journal/jcc, viewed October 16, 2017).
=650  \0$aIndustrial management$vPeriodicals.
=650  \7$aIndustrial management.$2fast$0(OCoLC)fst00971246
=655  \0$aElectronic journals.
=655  \7$aPeriodicals.$2fast$0(OCoLC)fst01411641
=690  7\$aManagement and Business Studies$2blcoll
=710  2\$aCENTRUM Católica (Pontificia Universidad Católica del Perú)
=776  08$iAlso issued in print as:$tJournal of Centrum Cathedra$x1851-6599
=852  41$aBritish Library$bHMNTS$jELD Digital store$3Volume 8:Issue 2(2015)-Volume 10:Issue 1(2017)
=856  \\$31850-9999$uhttp://www.emeraldinsight.com/$xBLDSS
=856  40$3MacEwan University Access: 2008-$uhttp://resolver.lrc.macewan.ca/macewan?url_ver=Z39.88-2004&ctx_ver=Z39.88-2004&ctx_enc=info:ofi/enc:UTF-8&rfr_id=info:sid/sfxit.com:opac_856&url_ctx_fmt=info:ofi/fmt:kev:mtx:ctx&sfx.ignore_date_threshold=1&rft.object_id=1000000000489476&svc_val_fmt=info:ofi/fmt:kev:mtx:sch_svc&
=856  40$3University of Alberta Access: 2010-$uhttp://resolver.library.ualberta.ca/resolver?ctx_enc=info:ofi/enc:UTF-8&ctx_ver=Z39.88-2004&rfr_id=info:sid/ualberta.ca:opac&rft.genre=journal&rft.object_id=1000000000489476&rft.issn=1851-6599&rft.eissn=&rft_val_fmt=info:ofi/fmt:kev:mtx:journal&url_ctx_fmt=info:ofi/fmt:kev:mtx:ctx&url_ver=Z39.88-2004
=856  40$uhttp://centrumwebs.pucp.edu.pe/jcc/
=856  40$uhttp://proquest.umi.com/pqdweb?pmid=126012&clientId=8429&RQT=318&VName=PQD
=856  40$uhttp://www.emeraldinsight.com/journal/jcc
=859  \\$aELD$bejournal
=979  \\$aBritish Library$bDSC$j4955.086000N
=985  \\$aISSN UK note: ISSN responsibility transfer from ISSN Argentina pending (Richard (Leeds), 17/11/17); appears to have ceased - vol 10, issue 1 (2017) is latest, as of 5/11/19.
=CAT  \\$a10806$b40$c20171117$lBLL01$h1002
=CAT  \\$a10806$b40$c20171117$lBLL01$h1034
=CAT  \\$a10806$b40$c20171117$lBLL01$h1035
=CAT  \\$a10806$b40$c20171117$lBLL01$h1039
=CAT  \\$a10806$b40$c20171117$lBLL01$h1042
=CAT  \\$a6790$b40$c20171214$lBLL01$h0754
=CAT  \\$aBATCH-MBS$c20171222$lBLL01$h2135
=CAT  \\$a10983$b40$c20180116$lBLL01$h0926
=CAT  \\$a10983$b40$c20180116$lBLL01$h0927
=CAT  \\$a10806$b40$c20180208$lBLL01$h1428
=CAT  \\$a3072$b40$c20191105$lBLL01$h1728
=CAT  \\$a12654$b40$c20220217$lBLL01$h1349
=CAT  \\$a12654$b40$c20220218$lBLL01$h0740
=CAT  \\$aBATCH-UNOA$c20220223$lBLL01$h0019
=CAT  \\$aBLDSS-3PM$b00$c20220223$lBLL01$h0825
=CAT  \\$aBATCH-UPD$b00$c20220223$lBLL01$h0825
=CFI  0\$aCurrent copyright fee: zero$c25\0$e17-feb-2022$fGBP0.00$g0$hP$5Uk
=FFP  \\$aY$bBLDSS-3PM
=FIN  \\$aY$d20171117
=FMT  \\$a  SE
=LAS  \\$aBATCH-UPD$b00$c20220223$lBLL01$h0825
=MNI  \\$a1851-6599
=SID  \\$aZ39$bOCLC
=UNO  \\$aY

