=LDR  03702cas a2200937 i 4500
=001  018613017
=003  Uk
=005  20230511163133.0
=006  m\\\\\|\\d\|\\\\\\
=007  cr\|||||||||||
=008  171120c20189999enk\x\p\o\\\\\0\\\a0eng\\
=022  \\$a2573-7619
=037  3\$aISSN_25737619_33$bPortico$nHindawi
=037  \\$aISSN_25737619$bPortico$nWiley
=040  \\$aUk$beng$cUk$dUk$erda
=042  \\$aukblsr
=082  04$a668.9$223
=210  0\$aPolym. cryst.
=222  \0$aPolymer crystallization
=245  00$aPolymer crystallization.
=264  \1$aHoboken, NJ :$bWiley Subscription Services, Inc.,$c2018-
=264  31$32022-$a[London] :$bHindawi
=310  \\$aFrequency of update varies,$b2022-
=321  \\$aBimonthly,$b2018-2021
=336  \\$atext$2rdacontent
=337  \\$acomputer$2rdamedia
=338  \\$aonline resource$2rdacarrier
=362  0\$aVol. 1, no. 1 (June 2018)-
=500  \\$aTitle from PDF cover (Wiley Online Library, viewed October 4, 2018).
=515  \\$aArticles added throughout the year and compiled into annual volumes.
=540  \\$aCurrent Copyright Fee: zero$c35\0$5Uk
=588  \\$aLatest issue consulted: volume 2022, article ID 4367582 (viewed December 7, 2022).
=650  \0$aCrystalline polymers$vPeriodicals.
=650  \0$aCrystallization$vPeriodicals.
=650  \0$aPolymers$vPeriodicals.
=852  41$aBritish Library$bHMNTS$jELD Digital store$3Volume 1:Issue 1(2018)-
=852  \\$aBritish Library$bDSC$j6547.704640$3Volume 1:Issue 1(2018)-Volume 4:Issue 6(2021)
=856  40$31850-9999$uhttp://onlinelibrary.wiley.com/$xBLDSS
=856  40$32018-2021$uhttps://onlinelibrary.wiley.com/journal/25737619
=856  40$32022-$uhttps://www.hindawi.com/journals/pcrys/
=859  \\$aELD$bejournal
=945  \\$aPolymer crystallization
=959  \\$fHeld but not currently received
=979  \\$aBritish Library$bDSC$j6547.704640
=985  \\$aISSN responsibility decision pending 07/12/22.
=ACF  \\$aPrevious copyright fee: GBP28.00$c35\0$e01-jan-2019$fGBP28.00$g0$hP$5Uk
=ACF  \\$aPrevious copyright fee: GBP24.00$c35\0$e16-jul-2017$fGBP24.00$g0$hP$5Uk
=CAT  \\$a6790$b40$c20171120$lBLL01$h0826
=CAT  \\$a6790$b40$c20171120$lBLL01$h0827
=CAT  \\$aW1711-1005$c20171206$lBLL01$h1830
=CAT  \\$a10983$b40$c20180219$lBLL01$h1327
=CAT  \\$a8055$b40$c20180716$lBLL01$h1250
=CAT  \\$aBATCH-UPD$b40$c20180718$lBLL01$h0008
=CAT  \\$aBLDSS-3PM$b00$c20180723$lBLL01$h1541
=CAT  \\$aBATCH-UPD$b00$c20180723$lBLL01$h1549
=CAT  \\$a10806$b40$c20181004$lBLL01$h1535
=CAT  \\$a10806$b40$c20181004$lBLL01$h1536
=CAT  \\$aBATCH-UPD$b40$c20181121$lBLL01$h1627
=CAT  \\$aIPL-CLA$c20181231$lBLL01$h1556
=CAT  \\$aR1911-0245$c20191127$lBLL01$h0823
=CAT  \\$aR1911-0245$c20191127$lBLL01$h1045
=CAT  \\$aIPL-CLA$c20191231$lBLL01$h2044
=CAT  \\$a15190$b40$c20220324$lBLL01$h1149
=CAT  \\$a14586$b40$c20220704$lBLL01$h1811
=CAT  \\$a10969$b40$c20221207$lBLL01$h1314
=CAT  \\$a10969$b40$c20221207$lBLL01$h1315
=CAT  \\$a8055$b40$c20221209$lBLL01$h1336
=CAT  \\$a5410$b40$c20221209$lBLL01$h1400
=CAT  \\$a5410$b40$c20221215$lBLL01$h1047
=CAT  \\$a8055$b40$c20221222$lBLL01$h1602
=CAT  \\$aBATCH-FIX$c20230511$lBLL01$h1631
=CFI  0\$aCurrent Copyright Fee: zero$c35\0$e22-dec-2022$fGBP0.00$g0$hP$5Uk
=CFI  2\$aPrevious copyright Fee: GBP32.00$c35\0$e01-jan-2020$fGBP32.00$g0$hP$5Uk
=EST  \\$a1
=FFP  \\$aY$bBLDSS-3PM
=FIN  \\$aY$d20181004
=FMT  \\$a  SE
=LAS  \\$aBATCH-FIX$b00$c20230511$lBLL01$h1631
=MNI  \\$a2573-7619
=TOC  \\$aETOC
=UNO  \\$aY

