=LDR  03354cas a2200865 i 4500
=001  018613070
=003  Uk
=005  20230425102347.0
=006  m\\\\\|\\d\|\\\\\\
=007  cr||||||||||||
=008  171120c20189999enk\x\p\o\\\\\0\\\a0eng\\
=015  \\$aGBB835366$2bnb
=022  \\$a2573-8488
=037  3\$aISSN_25738488_33$bPortico$nHindawi
=037  \\$aISSN_25738488$bPortico$nWiley
=040  \\$aUk$beng$cUk$dUk$erda
=042  \\$aukblsr
=082  04$a617.1027$223
=210  0\$aTransl. sports med.
=222  \0$aTranslational sports medicine
=245  00$aTranslational sports medicine.
=246  3\$aTSM
=264  \1$aOxford :$bWiley,$c2018-
=264  31$32022-$a[London] :$bHindawi
=310  \\$aFrequency of update varies,$b2022-
=321  \\$aBimonthly,$b2018-2021
=336  \\$atext$2rdacontent
=337  \\$acomputer$2rdamedia
=338  \\$aonline resource$2rdacarrier
=362  0\$aVolume 1, issue 1 (January 2018)-
=500  \\$aTitle from journal homepage (Wiley Online, viewed February 15, 2018).
=515  \\$aArticles added throughout the year and compiled into annual volumes.
=540  \\$aCurrent Copyright Fee: GBP39.00$c35\0$5Uk
=588  \\$aLatest issue consulted: volume 2022, article ID 2816781 (viewed December 7, 2022).
=650  \0$aSports medicine$vPeriodicals.
=650  \0$aSports injuries$vPeriodicals.
=852  \\$aBritish Library$bDSC$j9024.919478$3Volume 1:Issue 1(2018)-Volume 2:Issue 6(2019)
=852  41$aBritish Library$bHMNTS$jELD Digital store$3Volume 1:Issue 1(2018)-
=856  \\$31850-9999$uhttp://onlinelibrary.wiley.com/$xBLDSS
=856  40$32018-2021$uhttp://onlinelibrary.wiley.com/journal/10.1002/(ISSN)2573-8488/issues
=856  40$32022-$uhttps://www.hindawi.com/journals/tsmed/
=859  \\$aELD$bejournal
=945  \\$aTranslational sports medicine
=959  \\$fHeld but not currently received
=985  \\$aISSN responsibility decision pending 07/12/22.
=ACF  \\$aPrevious copyright fee: GBP24.00$c35\0$e16-jul-2018$fGBP24.00$g0$hP$5Uk
=CAT  \\$a6790$b40$c20171120$lBLL01$h0932
=CAT  \\$aW1711-1005$c20171206$lBLL01$h1830
=CAT  \\$a5110$b40$c20180215$lBLL01$h1059
=CAT  \\$a10983$b40$c20180219$lBLL01$h1328
=CAT  \\$a8055$b40$c20180716$lBLL01$h1416
=CAT  \\$aBATCH-UPD$b40$c20180718$lBLL01$h0008
=CAT  \\$aBLDSS-3PM$b00$c20180723$lBLL01$h1541
=CAT  \\$aBATCH-UPD$b00$c20180723$lBLL01$h1549
=CAT  \\$aBATCH-UPD$b00$c20181121$lBLL01$h1627
=CAT  \\$aIPL-CLA$c20181231$lBLL01$h1556
=CAT  \\$aR1911-0245$c20191127$lBLL01$h0944
=CAT  \\$aR1911-0245$c20191127$lBLL01$h1045
=CAT  \\$aIPL-CLA$c20191231$lBLL01$h2044
=CAT  \\$a8055$b40$c20200120$lBLL01$h1354
=CAT  \\$a5410$b40$c20200122$lBLL01$h1355
=CAT  \\$a5552$b40$c20200916$lBLL01$h0852
=CAT  \\$a5410$b40$c20200930$lBLL01$h1222
=CAT  \\$a10969$b40$c20221207$lBLL01$h1459
=CAT  \\$a15190$b40$c20230425$lBLL01$h1023
=CFI  0\$aCurrent Copyright Fee: GBP39.00$c35\0$e01-jan-2020$fGBP39.00$g0$hP$5Uk
=CFI  2\$aPrevious copyright fee: GBP28.00$c35\0$e01-jan-2019$fGBP28.00$g0$hP$5Uk
=EST  \\$a1
=FFP  \\$aY$bBLDSS-3PM
=FIN  \\$aY$d20180215
=FMT  \\$a  SE
=LAS  \\$a15190$b40$c20230425$lBLL01$h1023
=MNI  \\$a2573-8488
=TOC  \\$aETOC
=UNO  \\$aY

