=LDR  04372cas a2200973 i 4500
=001  018622765
=003  Uk
=005  20220930143021.0
=006  m\\\\\|\\d\|\\\\\\
=007  cr\|||||||||||
=008  171127d20012019it\qr\p\o\\\\\0\\\b0ita\\
=022  \\$a1724-5974
=037  \\$agtn$bSage (UK) Ltd
=040  \\$aUk$beng$cUk$erda
=042  \\$aukblsr
=082  04$a616.61005$223
=210  0\$aG. Tec. Nefrol. Dial.$b(Online)
=222  \0$aGiornale di Tecniche Nefrologiche & Dialitiche$b(Online)
=245  00$aGiornale di tecniche nefrologiche e dialitiche.
=264  \1$aMilano :$bWichtig,$c2001-
=264  31$32018-$a[London?] :$bSAGE
=310  \\$aQuarterly
=336  \\$atext$2rdacontent
=337  \\$acomputer$2rdamedia
=338  \\$aonline resource$2rdacarrier
=362  0\$aVol. 13, suppl. 1 (Jan./Mar. 2001)-v. 31, no. 3 (luglio-dicembre 2019).
=540  \\$aCurrent copyright fee: GBP36.32$c19\0$5Uk
=588  \\$aLatest issue consulted: volume 31, issue 3 (September 2019) = (luglio-dicembre 2019) SAGE journals, viewed November 28, 2019).
=650  \0$aNephrology$vPeriodicals.
=650  \0$aDialysis$vPeriodicals.
=776  08$iAlso issued in print as:$tGiornale di tecniche nefrologiche & dialitiche$x0394-9362
=785  00$tGiornale di clinica nefrologica e dialisi$x2705-0076
=852  41$aBritish Library$bHMNTS$jELD Digital store$3Volume 27:Issue 1(2015)-Volume 31:Issue 3(2019)
=856  40$31850-9999$uhttp://www.uk.sagepub.com/home.nav$xBLDSS
=856  40$uhttps://journals.sagepub.com/home/gtn
=856  4\$uhttps://journals.aboutscience.eu/index.php/gcnd/issue/archive
=859  \\$aELD$bejournal
=945  \\$aGIORNALE DI TECNICHE NEFROLOGICHE E DIALITICHE.
=979  \\$aBritish Library$bDSC$j4178.823000N
=985  \\$aDue to switch to AbsoluteScience from 2020 - ISSN responsibility switch for SAGE never happened but still need to notify ISSN Italy? (Richard (Leeds), 28/11/19)
=ACF  \\$aPrevious copyright fee: GBP30.77$c19\0$e09-feb-2018$fGBP30.77$g0$hP$5Uk
=ACF  \\$aPrevious copyright fee: GBP28.57$c19\0$e01-apr-2018$fGBP28.57$g0$hP$5Uk
=ACF  \\$aPrevious copyright fee: GBP30.77$c19\0$e01-oct-2018$fGBP30.77$g0$hP$5Uk
=ACF  \\$aPrevious copyright fee: GBP32.31$c19\0$e01-jul-2019$fGBP32.31$g0$hP$5Uk
=ACF  \\$aPrevious copyright fee: GBP33.60$c19\0$e01-oct-2019$fGBP33.60$g0$hP$5Uk
=ACF  \\$aPrevious copyright fee: GBP33.52$c19\0$e01-apr-2020$fGBP33.52$g0$hP$5Uk
=ACF  \\$aPrevious copyright fee: GBP34.86$c19\0$e01-jul-2020$fGBP34.86$g0$hP$5Uk
=ACF  \\$aPrevious copyright fee: GBP32.28$c19\0$e01-apr-2021$fGBP32.28$g0$hP$5Uk
=ACF  \\$aPrevious copyright fee: GBP31.13$c19\0$e07-jul-2021$fGBP31.13$g0$hP$5Uk
=CAT  \\$a10983$b40$c20171127$lBLL01$h1117
=CAT  \\$a10806$b40$c20180322$lBLL01$h1052
=CAT  \\$a5997$b40$c20180327$lBLL01$h1153
=CAT  \\$aIPL-CLA$c20180331$lBLL01$h1723
=CAT  \\$a10983$b40$c20180510$lBLL01$h1552
=CAT  \\$aBATCH-UPD$b40$c20180823$lBLL01$h1930
=CAT  \\$aIPL-CLA$c20180930$lBLL01$h1522
=CAT  \\$aBATCH-UPD$b00$c20190521$lBLL01$h1412
=CAT  \\$aIPL-CLA$c20190630$lBLL01$h1550
=CAT  \\$aBATCH-UPD$b00$c20190829$lBLL01$h1529
=CAT  \\$aIPL-CLA$c20190930$lBLL01$h1658
=CAT  \\$a10806$b40$c20191128$lBLL01$h1359
=CAT  \\$aBATCH-UPD$b40$c20200219$lBLL01$h1516
=CAT  \\$aIPL-CLA$c20200331$lBLL01$h1637
=CAT  \\$aBATCH-UPD$b00$c20200522$lBLL01$h1459
=CAT  \\$aIPL-CLA$c20200701$lBLL01$h0124
=CAT  \\$a8483$b40$c20200907$lBLL01$h1445
=CAT  \\$a8483$b40$c20200907$lBLL01$h1446
=CAT  \\$aBATCH-UPD$b40$c20210226$lBLL01$h1039
=CAT  \\$aIPL-CLA$c20210331$lBLL01$h1704
=CAT  \\$aBATCH-UPD$b00$c20210707$lBLL01$h1603
=CAT  \\$aIPL-CLA$c20210707$lBLL01$h1845
=CAT  \\$aBATCH-UPD$b00$c20220520$lBLL01$h1635
=CAT  \\$aIPL-CLA$c20220630$lBLL01$h1541
=CAT  \\$aBATCH-UPD$b00$c20220824$lBLL01$h0901
=CAT  \\$aIPL-CLA$c20220930$lBLL01$h1430
=CFI  0\$aCurrent copyright fee: GBP36.32$c19\0$e01-oct-2022$fGBP36.32$g0$hP$5Uk
=CFI  2\$aPrevious copyright fee: GBP34.86$c19\0$e01-jul-2022$fGBP34.86$g0$hP$5Uk
=FFP  \\$aY$bBLDSS-3PM
=FIN  \\$aY$d20180214
=FMT  \\$a  SE
=LAS  \\$aIPL-CLA$b00$c20220930$lBLL01$h1430
=MNI  \\$a0394-9362
=TOC  \\$aETOC
=UNO  \\$aY

