=LDR  02880cas a2200673 i 4500
=001  018622772
=003  Uk
=005  20200309084942.0
=006  m\\\\\|\\d\|\\\\\\
=007  cr\|||||||||||
=008  171127c20149999enkuu\p\o\\\\\0\\\a0mul\\
=022  \\$a2283-5733
=037  \\$a???$bSage (UK) Ltd
=040  \\$aUk$beng$cUk$erda
=042  \\$aukblsr
=082  04$a610$223
=210  0\$aGlob. reg. health technol. assess.$b(Online)
=222  \0$aGlobal & regional health technology assessment$b(Online)
=245  00$aGlobal & regional health technology assessment :$bItalian; Northern Europe and Spanish.
=246  3\$aGRHTA
=264  \1$aMilano :$bWichtig
=264  31$32018-$a[London?] :$bSAGE
=336  \\$atext$2rdacontent
=337  \\$acomputer$2rdamedia
=338  \\$aonline resource$2rdacarrier
=362  0\$aVolume 1, issue 1 (January/December 2014)-
=500  \\$aTitle from journal homepage (SAGE journals, viewed March 28, 2018).
=540  \\$aCurrent copyright fee: zero$c19\0$5Uk
=588  \\$aLatest issue consulted: volume 2018 (January/December 2018) (SAGE journals, viewed March 28, 2018).
=650  \0$aMedical technology$xEvaluation$vPeriodicals.
=650  \0$aMedical technology$xEconomic aspects$vPeriodicals.
=776  08$iAlso issued in print as:$tGlobal & regional health technology assessment$x2284-2403
=852  41$aBritish Library$bHMNTS$jELD Digital store$3Volume 3:Issue 1(2016)-Volume 2019(2019)
=856  40$31850-9999$uhttp://www.uk.sagepub.com/home.nav$xBLDSS
=856  40$uhttp://www.grhta.com/Home/Index
=856  40$uhttp://journals.sagepub.com/toc/GRH/current
=859  \\$aELD$bejournal
=945  \\$aGlobal and Regional Health Technology Assessment.
=979  \\$aBritish Library$bDSC$j4195.345500N
=985  \\$aISSN responsibility transfer from ISSN Italy to ISSN UK pending (Richard, 28/03/18). No response from Italy (Richard, 15/05/18). UPDATE (28/11/19) Due to switch from SAGE to AboutScience in 2020 - so no need to change responsibility? (AboutScience is in Milan) (see Richard (Leeds))
=CAT  \\$a10983$b40$c20171127$lBLL01$h1127
=CAT  \\$aW1711-1005$c20171206$lBLL01$h1830
=CAT  \\$a5552$b40$c20180207$lBLL01$h0915
=CAT  \\$aBLDSS-3PM$b00$c20180213$lBLL01$h1544
=CAT  \\$aBATCH-UPD$b00$c20180213$lBLL01$h1545
=CAT  \\$aBATCH-UPD$b00$c20180214$lBLL01$h0104
=CAT  \\$a10806$b40$c20180328$lBLL01$h1424
=CAT  \\$a10806$b40$c20180328$lBLL01$h1433
=CAT  \\$a10806$b40$c20180515$lBLL01$h0841
=CAT  \\$a10806$b40$c20191128$lBLL01$h1334
=CAT  \\$a10806$b40$c20200309$lBLL01$h0849
=CFI  0\$aCurrent copyright fee: zero$c19\0$e07-feb-2018$fGBP0.00$g0$hP$5Uk
=FFP  \\$aY$bBLDSS-3PM
=FIN  \\$aY$d20180328
=FMT  \\$a  SE
=LAS  \\$a10806$b40$c20200309$lBLL01$h0849
=MNI  \\$a2284-2403
=TOC  \\$aETOC
=UNO  \\$aY

