=LDR  02045 as a2200493 i 4500
=001  018644682
=003  Uk
=005  20180305153027.0
=007  ta
=008  171212c20159999caufr\p\\\\\\\0\\\a0eng\\
=022  0\$a2516-1210
=040  \\$aUk$beng$cUk$erda
=042  \\$aukblsr
=082  04$a340.05$223
=222  \0$aLegal issues journal$b(Print)
=245  00$aLegal issues journal.
=264  \1$a[Los Angeles, California] :$b[Sulis International Press],$c[2015]-
=300  \\$c23 cm
=310  \\$aSemiannual
=336  \\$atext$2rdacontent
=337  \\$aunmediated$2rdamedia
=338  \\$avolume$2rdacarrier
=362  1\$aBegan with volume 3, issue 2 (July 2015).
=515  \\$aNumbering in line with online version.
=550  \\$a"A publication of UKLSA, UK Law Students' Association."
=588  \\$aDescription based on: volume 5, issue 2 (July 2017).
=650  \0$aLaw$vPeriodicals.
=710  2\$aUK Law Students' Association,$eissuing body.
=776  08$iAlso issued online as:$tLegal issues journal$x2515-9887
=852  41$aBritish Library$bHMNTS$jZC.9.a.9690$3Vol. 5, issue 2 (Jul. 2017)-v. 6 issue 1 (2018)
=985  \\$aISSN UK note: ISSN responsibility passed to U.S. Center prior to completion - see email correspondence 29/12/17. ISSN UK retains responsibility for online version (ISSN 2515-9887)
=985  \\$aBack cover -- "The Legal Issues Journal is published by the United Kingdom Law Students Association". Actually published by Sulis International Press (information from U.S. ISSN Center)
=CAT  \\$a10806$b40$c20171212$lBLL01$h1214
=CAT  \\$a10806$b40$c20171229$lBLL01$h1446
=CAT  \\$a10806$b40$c20180103$lBLL01$h1602
=CAT  \\$a10806$b40$c20180104$lBLL01$h0924
=CAT  \\$a11205$b40$c20180305$lBLL01$h1456
=CAT  \\$a11205$b40$c20180305$lBLL01$h1457
=CAT  \\$a11205$b40$c20180305$lBLL01$h1458
=CAT  \\$a11205$b40$c20180305$lBLL01$h1530
=FIN  \\$aY$d20180103
=FMT  \\$a  SE
=LAS  \\$a11205$b40$c20180305$lBLL01$h1530
=LET  \0$aLegal issues journal (Print)

