=LDR  03835cas a2200949 i 4500
=001  018826663
=003  Uk
=005  20201118220635.0
=006  m\\\\\o\\d\\\\\\\\
=007  cr\|||||||||||
=008  180323c20189999njuuu\p\o\\\\\0\\\a0eng\\
=010  \\$a  2018243080
=015  \\$aGBC0H7639$2bnb
=022  0\$a2523-3548$l2523-3548$21
=035  \\$a(OCoLC)1030587405$z(OCoLC)1040685404
=037  \\$aISSN_25233548_2$bPortico$nWiley
=040  \\$aNLM$beng$cNLM$dOCLCO$dOCLCQ$dCASUM$dVT2$dOCLCF$dOCLCA$dCUS$dUKMGB$dNLM$dDLC$dUk$erda
=042  \\$aukblsr
=060  00$aW1
=082  10$a616.994005$223
=130  0\$aCancer communications (London, England)
=210  0\$aCancer commun.$b(Lond.)
=222  \0$aCancer communications$b(London)
=245  10$aCancer communications.
=264  \1$a[London] :$bBioMed Central,$c[2018]-
=264  31$32020- :$a[Hoboken, NJ] :$bWiley
=300  \\$billustrations (colour)
=310  \\$aIrregular
=336  \\$atext$2rdacontent
=337  \\$acomputer$2rdamedia
=338  \\$aonline resource$2rdacarrier
=362  1\$aBegan with 38:1 (2018).
=540  \\$aCurrent Copyright Fee: zero$c35\0$5Uk
=550  \\$aAffiliated with Chinese Anti-Cancer Association and US Chinese Anti-Cancer Association.
=588  \\$aDescription based on: 38:1 (2018); title from home page (publisher's Web site, viewed March 28, 2018).
=588  \\$aLatest issue consulted: volume 40, issue 10 (October 2020) (Wiley Online website viewed November 12 2020).
=650  \0$aCancer$vPeriodicals.
=650  12$aNeoplasms.
=655  \0$aElectronic journals.
=655  \2$aPeriodical.
=655  \4$aFulltext.
=655  \4$aInternet Resources.
=655  \4$aPeriodicals.
=655  \7$aPeriodicals.$2fast$0(OCoLC)fst01411641
=710  2\$aZhongguo kang ai xie hui.
=710  2\$aUS Chinese Anti-Cancer Association.
=780  00$tChinese journal of cancer (Online)$x1944-446X
=852  41$aBritish Library$bHMNTS$jELD Digital store$3Volume 34:Issue 1(2015)-
=856  \\$31850-9999$uhttp://link.springer.com/$xBLDSS
=856  40$uhttps://cancercommun.biomedcentral.com/
=856  40$uhttps://onlinelibrary.wiley.com/journal/25233548?tabActivePane=
=856  40$uhttps://onlinelibrary.wiley.com/journal/25233548
=856  40$uhttp://www.ncbi.nlm.nih.gov/pmc/journals/3437/
=859  \\$aELD$bejournal
=945  \\$aCancer communications -London-.
=979  \\$aBritish Library$bDSC$j3046.471850N
=985  \\$aISSN UK Centre note: ISSN UK Centre note: responsibility transferred to ISSN UK Centre (IC Springer Nature project) 9.4.18.
=985  \\$aISSN transferred from ISSN UK to US ISSN Center, March 2 2020.
=CAT  \\$a10973$b40$c20180409$lBLL01$h1029
=CAT  \\$a10973$b40$c20180409$lBLL01$h1030
=CAT  \\$a5552$b40$c20190125$lBLL01$h1453
=CAT  \\$aBATCH-UPD$b40$c20190129$lBLL01$h2354
=CAT  \\$aBLDSS-3PM$b00$c20190130$lBLL01$h1513
=CAT  \\$aBATCH-UPD$b00$c20190130$lBLL01$h1614
=CAT  \\$a15001$b40$c20191128$lBLL01$h1535
=CAT  \\$a5552$b40$c20191211$lBLL01$h1352
=CAT  \\$aIPL-CLA$c20191231$lBLL01$h2045
=CAT  \\$a11313$b40$c20200302$lBLL01$h1404
=CAT  \\$a14586$b40$c20200713$lBLL01$h1346
=CAT  \\$a8483$b40$c20201112$lBLL01$h1134
=CAT  \\$aBATCH-016$c20201118$lBLL01$h2206
=CFI  0\$aCurrent Copyright Fee: zero$c35\0$e01-jan-2020$fGBP0.00$g0$hP$5Uk
=CFI  2\$aPrevious copyright fee: zero$c22\1$e25-jan-2019$fGBP0.00$g0$hP$5Uk
=FFP  \\$aY$bBLDSS-3PM
=FIN  \\$aY$d20180409
=FMT  \\$a  SE
=LAS  \\$aBATCH-016$b00$c20201118$lBLL01$h2206
=LET  \0$aCancer communications (Electronic)
=LKR  \\$aPAR$b016788813$lBLL01$r78000$mCancer communications (London)$nChinese journal of cancer (Online)
=SID  \\$aZ39$bOCLC
=TOC  \\$aETOC
=UNO  \\$aY

