=LDR  03051cas a2200745 i 4500
=001  018826685
=003  Uk
=005  20230526081211.0
=006  m\\\\\\\\d\|\\\\\\
=007  cr||||||||||||
=008  180409c20199999gw\uu\p\o\\\\\0\\\a0eng\\
=015  \\$aGBB965090$2bnb
=022  0\$a2523-8930
=037  \\$a???$bBioMed Central
=040  \\$aUk$beng$cUk$erda
=042  \\$aukblsr
=082  04$a300.72$223
=210  0\$aMeas. instrum. soc. sci.
=222  \0$aMeasurement instruments for the social sciences
=245  00$aMeasurement instruments for the social sciences.
=246  3\$aMISS
=264  \1$aLondon :$bBioMed Central,$c2019-
=264  31$32023-$a[Trier, Germany] :$bPsychOpen GOLD
=300  \\$billustrations (black and white, and colour)
=336  \\$atext$2rdacontent
=337  \\$acomputer$2rdamedia
=338  \\$aonline resource$2rdacarrier
=362  0\$a2019-
=500  \\$aArticles added as accepted and archived in an annual volume.
=500  \\$aTitle from journal home page (Publisher's Web site, viewed April 3, 2019).
=540  \\$aCurrent copyright fee: zero$c0$5Uk
=588  \\$aLatest issue consulted: volume 5, article e11207 (2023) (https://miss.psychopen.eu/, viewed May 26, 2023).
=650  \0$aSocial sciences$xStatistical methods$vPeriodicals.
=650  \0$aSocial sciences$xMethodology$vPeriodicals.
=852  41$aBritish Library$bHMNTS$jELD Digital store$3Volume 1:Issue 1(2019)-Volume 2:Issue 1(2020)
=856  40$uhttps://measurementinstrumentssocialscience.biomedcentral.com/
=856  40$uhttps://miss.psychopen.eu/index.php/miss
=859  \\$aELD$bejournal
=945  \\$aMeasurement instruments for the social sciences.
=979  \\$aBritish Library$bDSC$j5413.563700N
=985  \\$aISSN UK Centre note: responsibility transferred to ISSN UK Centre (IC Springer Nature project) 9.4.18
=985  \\$aISSN UK Centre: responsibility transferred to ISSN Germany 26/5/23.
=CAT  \\$a10973$b40$c20180409$lBLL01$h1100
=CAT  \\$a5552$b40$c20180810$lBLL01$h0818
=CAT  \\$aBLDSS-3PM$b00$c20180817$lBLL01$h0842
=CAT  \\$aBATCH-UPD$b00$c20180817$lBLL01$h0843
=CAT  \\$a10806$b40$c20190204$lBLL01$h1153
=CAT  \\$a8124$b40$c20190403$lBLL01$h0757
=CAT  \\$a8124$b40$c20190404$lBLL01$h1453
=CAT  \\$a15020$b40$c20190405$lBLL01$h1107
=CAT  \\$a12654$b40$c20221109$lBLL01$h1157
=CAT  \\$aIPL-CLA$c20221231$lBLL01$h1454
=CAT  \\$aDEL-3PM$c20230116$lBLL01$h0957
=CAT  \\$a10973$b40$c20230526$lBLL01$h0809
=CAT  \\$a10973$b40$c20230526$lBLL01$h0810
=CAT  \\$a10973$b40$c20230526$lBLL01$h0812
=CAT  \\$aS2306_0332$c20230613$lBLL01$h0906
=CFI  0\$aCurrent copyright fee: zero$c0$e01-jan-2023$fGBP0.00$g0$hC$5Uk
=CFI  2\$aPrevious copyright fee: zero$c22\1$e10-aug-2018$fGBP0.00$g0$hP$5Uk
=FIN  \\$aY$d20190204
=FMT  \\$a  SE
=LAS  \\$aS2306_0332$b00$c20230613$lBLL01$h0906
=LET  \0$aMeasurement instruments for the social sciences (Electronic)
=MNI  \\$a2523-8930
=UNO  \\$aY

