=LDR  03333cas a22007697a 4500
=001  018996519
=003  Uk
=005  20230623103051.0
=006  m\\\\\\\\d\|||||||
=007  cr\|||||||||||
=008  180801c20129999enktr\p\\\\\\\0\\\a0eng\\
=022  \\$a2212-5868
=037  \\$a???$bSage
=040  \\$aUk$beng$cUk
=222  \0$aInternational journal of Chinese education$b(Online)
=245  00$aInternational journal of Chinese education.
=264  \1$aLeiden :$bBrill,$c2012-
=264  31$32021-$a[London?] :$bSAGE
=310  \\$aThree times a year,$b2021-
=321  \\$aSemiannual
=336  \\$atext$2rdacontent
=337  \\$acomputer$2rdamedia
=338  \\$aonline resource$2rdacarrier
=540  \\$aCurrent copyright fee: zero$c19\0$5Uk
=588  \\$aLatest issue consulted: volume 10, issue 3 (September/December 2021) (SAGE journals, viewed November 4, 2021).
=776  08$iAlso issued in print as:$tInternational journal of Chinese education$x2212-585X
=852  41$aBritish Library$bHMNTS$jELD Digital store$3Volume 10:Issue 1(2021)-
=856  \\$31850-9999$uhttp://booksandjournals.brillonline.com/$xBLDSS
=856  40$uhttps://journals.sagepub.com/home/cne
=859  \\$aELD$bejournal
=945  \\$aInternational journal of Chinese education.
=979  \\$aBritish Library$bDSC$j4542.165570N
=985  \\$a3rd party access title for Remote supply please retain as base record when merging/deleting
=985  \\$aISSN responsibility transfer from ISSN Netherlands pending (Richard, 04/11/21). Printed copy (ISSN 2212-585X) claimed 19/11/21 (Richard)
=ACF  \\$aPrevious copyright fee: GBP22.00$c74\0$e01-aug-2018$fGBP22.00$g0$hP$5Uk
=ACF  \\$aPrevious copyright fee: GBP31.50$c19\0$e01-jan-2021$fGBP31.50$g0$hP$5Uk
=ACF  \\$aPrevious copyright fee: GBP29.17$c19\0$e01-apr-2021$fGBP29.17$g0$hP$5Uk
=ACF  \\$aPrevious copyright fee: GBP28.13$c19\0$e07-jul-2021$fGBP28.13$g0$hP$5Uk
=CAT  \\$a5552$b40$c20180801$lBLL01$h1427
=CAT  \\$aBLDSS-3PM$b00$c20180806$lBLL01$h1110
=CAT  \\$aBATCH-UPD$b00$c20180806$lBLL01$h1114
=CAT  \\$a15005$b40$c20200924$lBLL01$h1028
=CAT  \\$a10806$b40$c20201109$lBLL01$h1256
=CAT  \\$a5552$b40$c20201210$lBLL01$h1423
=CAT  \\$aIPL-CLA$c20201231$lBLL01$h1534
=CAT  \\$aBATCH-UPD$b00$c20210226$lBLL01$h1029
=CAT  \\$aIPL-CLA$c20210331$lBLL01$h1704
=CAT  \\$aBATCH-UPD$b00$c20210707$lBLL01$h1553
=CAT  \\$aIPL-CLA$c20210707$lBLL01$h1845
=CAT  \\$a10806$b40$c20211104$lBLL01$h1229
=CAT  \\$a10806$b40$c20211104$lBLL01$h1231
=CAT  \\$a10806$b40$c20211119$lBLL01$h0755
=CAT  \\$aBATCH-UPD$b40$c20220520$lBLL01$h1640
=CAT  \\$aIPL-CLA$c20220630$lBLL01$h1541
=CAT  \\$aBATCH-UPD$b00$c20220824$lBLL01$h0906
=CAT  \\$aIPL-CLA$c20220930$lBLL01$h1430
=CAT  \\$a12654$b40$c20230623$lBLL01$h0957
=CAT  \\$a12654$b40$c20230623$lBLL01$h1030
=CFI  0\$aCurrent copyright fee: zero$c19\0$e01-oct-2022$fGBP0.00$g0$hP$5Uk
=CFI  2\$aPrevious copyright fee: GBP32.82$c19\0$e01-oct-2022$fGBP32.82$g0$hP$5Uk
=CFI  2\$aPrevious copyright fee: GBP31.50$c19\0$e01-jul-2022$fGBP31.50$g0$hP$5Uk
=FFP  \\$aY$bBLDSS-3PM
=FMT  \\$a  SE
=LAS  \\$a12654$b40$c20230623$lBLL01$h1030
=MNI  \\$a2212-585X
=TOC  \\$aETOC
=UNO  \\$aY

