=LDR  02193cas a2200529 i 4500
=001  019029990
=003  Uk
=005  20210319213324.0
=006  m\\\\\|\\d\|\\\\\\
=007  cr\|||||||||||
=008  180825c19639999enkfr\p\o\\\\\0\\\a0eng\\
=022  \\$a1839-3039
=037  \\$aISSN_00236942_90$bPortico$nLiverpool University Press
=040  \\$aUk$beng$cUk$erda
=042  \\$aukblsr
=082  04$a331.0994$223
=130  0\$aLabour history (Canberra (A.C.T.))
=222  \0$aLabour history$b(Canberra, A.C.T. Online)
=245  10$aLabour history.
=260  \\$a[Canberra] :$b[Australian Society for the Study of Labour History],$c[1963]-
=264  \1$aLiverpool :$bpublished on behalf of the Australian Society for the Study of Labour History [by] Liverpool University Press
=310  \\$aSemiannual
=336  \\$atext$2rdacontent
=337  \\$acomputer$2rdamedia
=338  \\$aonline resource$2rdacarrier
=362  1\$aPrint began with no. 4 (May 1963).
=500  \\$a"A journal of labour and social history."
=588  \\$aDescription based on print version record.
=588  \\$aLatest issue consulted: number 119 (November 2020); Liverpool University Press, viewed March 16, 2021.
=650  \0$aLabor$zAustralia$xHistory$vPeriodicals.
=650  \0$aLabor unions$zAustralia$xHistory$vPeriodicals.
=690  7\$aManagement and Business Studies$2blcoll
=710  2\$aAustralian Society for the Study of Labour History.
=776  08$iAlso issued in print as:$tLabour history (Canberra (A.C.T.))$x0023-6942
=852  41$aBritish Library$bHMNTS$jELD Digital store$3Volume 108(2015)-
=856  40$uhttps://www.liverpooluniversitypress.co.uk/journals/id/55/
=859  \\$aELD$bejournal
=985  \\$aTransfer of ISSN responsibility from Australia to the UK in progress.
=CAT  \\$a10983$b40$c20180825$lBLL01$h0846
=CAT  \\$a11205$b40$c20210316$lBLL01$h1117
=CAT  \\$aBATCH-MBS$c20210319$lBLL01$h2133
=FIN  \\$aY$d20210316
=FMT  \\$a  SE
=LAS  \\$aBATCH-MBS$b00$c20210319$lBLL01$h2133
=LET  \0$aLabour history (Electronic)
=LKR  \\$aPAR$b011118194$lBLL01$nLabour history (Print)$mLabour history (Online)$r776
=MNI  \\$a0023-6942

