=LDR  03928cas a2201021 i 4500
=001  019172846
=003  Uk
=005  20221215104637.0
=006  m\\\\\o\\d\\\\\\\\
=007  cr\|||||||||||
=008  180222c20199999enk\x\p\o\\\\\0\\\a0eng\\
=010  \\$a  2018200379
=022  \\$a2577-0470
=035  \\$a(OCoLC)1023865184
=037  3\$aISSN_25770470_33$bPortico$nHindawi
=037  \\$aISSN_25770470$bPortico$nWiley
=040  \\$aDLC$beng$cDLC$dDLC$dOCLCQ$dVT2$dOCLCF$dOCLCQ$dDLC$dOCL$dUk$erda
=042  \\$aukblsr
=050  00$aQC173.96
=050  14$aQC173.96
=082  04$a530.12$223
=210  0\$aQuantum eng.
=222  \0$aQuantum engineering
=245  00$aQuantum engineering.
=246  1\$aQE
=264  \1$aHoboken, NJ :$bJohn Wiley & Sons, Inc.,$c2019-
=264  31$32022-$a[London] :$bHindawi
=310  \\$aFrequency of update varies,$b2022-
=321  \\$aQuarterly,$b2019-2021
=336  \\$atext$2rdacontent
=337  \\$acomputer$2rdamedia
=338  \\$aonline resource$2rdacarrier
=362  0\$aVolume 1, issue 1 (March 2019)-
=515  \\$aArticles added throughout the year and compiled into annual volumes.
=540  \\$aCurrent Copyright Fee: GBP32.00$c35\0$5Uk
=588  \\$aDescription based on: Volume 1, Issue 1 (March 2019); title from journal home page (publisher's website viewed May 30, 2019).
=588  \\$aLatest issue consulted: volume 2022, article ID 5872283 (viewed December 7, 2022).
=650  \0$aQuantum theory$vPeriodicals.
=650  \0$aEngineering$vPeriodicals.
=650  \7$aQuantum theory.$2fast$0(OCoLC)fst01085128
=650  \7$aEngineering.$2fast$0(OCoLC)fst00910312
=655  \0$aElectronic journals.
=655  \7$aPeriodicals.$2fast$0(OCoLC)fst01411641
=852  \\$aBritish Library$bDSC$j7168.528000$3Volume 1:Issue 1(2019)-Volume 3:Issue 4(2021)
=852  41$aBritish Library$bHMNTS$jELD Digital store$3Volume 1:Issue 1(2019)-
=856  \\$31850-9999$uhttp://onlinelibrary.wiley.com/$xBLDSS
=856  40$32019-2021$uhttps://onlinelibrary.wiley.com/journal/25770470$xOA-J
=856  40$32022-$uhttps://www.hindawi.com/journals/que/
=859  \\$aELD$bejournal
=945  \\$aQuantum engineering.
=959  \\$fHeld but not currently received
=979  \\$aBritish Library$bDSC$j7168.528000
=985  \\$aISSN responsibility decision pending 07/12/22.
=CAT  \\$a14412$b40$c20181210$lBLL01$h1416
=CAT  \\$a14412$b40$c20181210$lBLL01$h1417
=CAT  \\$a14586$b40$c20190405$lBLL01$h1426
=CAT  \\$a12654$b40$c20190411$lBLL01$h1212
=CAT  \\$aBATCH-UPD$b40$c20190416$lBLL01$h2346
=CAT  \\$aBLDSS-3PM$b00$c20190418$lBLL01$h0834
=CAT  \\$aBATCH-UPD$b00$c20190418$lBLL01$h0836
=CAT  \\$a5552$b40$c20190424$lBLL01$h1053
=CAT  \\$a5552$b40$c20190424$lBLL01$h1054
=CAT  \\$a5410$b40$c20190430$lBLL01$h1337
=CAT  \\$a5410$b40$c20190501$lBLL01$h0818
=CAT  \\$a8055$b40$c20190521$lBLL01$h1144
=CAT  \\$a10806$b40$c20191029$lBLL01$h1446
=CAT  \\$a10806$b40$c20191029$lBLL01$h1447
=CAT  \\$aR1911-0245$c20191127$lBLL01$h0824
=CAT  \\$aR1911-0245$c20191127$lBLL01$h1045
=CAT  \\$aIPL-CLA$c20191231$lBLL01$h2046
=CAT  \\$a8055$b40$c20201110$lBLL01$h1424
=CAT  \\$a12654$b40$c20220128$lBLL01$h0921
=CAT  \\$a15190$b40$c20220324$lBLL01$h1154
=CAT  \\$a14586$b40$c20220704$lBLL01$h1811
=CAT  \\$a10969$b40$c20221207$lBLL01$h1423
=CAT  \\$a5410$b40$c20221208$lBLL01$h1106
=CAT  \\$a5410$b40$c20221215$lBLL01$h1046
=CFI  0\$aCurrent Copyright Fee: GBP32.00$c35\0$e01-jan-2020$fGBP32.00$g0$hP$5Uk
=CFI  2\$aPrevious copyright fee: GBP28.00$c35\0$e11-apr-2019$fGBP28.00$g0$hP$5Uk
=EST  \\$a1
=FFP  \\$aY$bBLDSS-3PM
=FIN  \\$aY$d20191029
=FMT  \\$a  SE
=LAS  \\$a5410$b40$c20221215$lBLL01$h1046
=MNI  \\$a2577-0470
=SID  \\$aZ39$bOCLC
=TOC  \\$aETOC
=UNO  \\$aY

