=LDR  04184cas a2201045 i 4500
=001  019198122
=003  Uk
=005  20221215104457.0
=006  m\\\\\o\\d\\\\\\\\
=007  cr\|||||||||||
=008  180406c20199999enk\x\p\o\\\\\0\\\a0eng\\
=010  \\$a  2018200504
=022  \\$a2577-6576
=035  \\$a(OCoLC)1030755435
=037  3\$aISSN_25776576_33$bPortico$nHindawi
=037  \\$aISSN_25776576$bPortico$nWiley
=040  \\$aDLC$beng$cDLC$dDLC$dOCLCQ$dVT2$dOCLCF$dOCLCQ$dDLC$dOCL$dUk$erda
=042  \\$aukblsr
=050  10$aISSN RECORD
=050  14$aTA404.2
=082  10$a620.11$223
=210  0\$aMater. des. process. commun.
=222  \0$aMaterial design & processing communications
=245  00$aMaterial design & processing communications.
=246  1\$aMaterial design and processing communications
=264  \1$a[Hoboken, New Jersey] :$bJohn Wiley & Sons, Inc.,$c2019-
=264  31$32022-$a[London] :$bHindawi
=310  \\$aFrequency of update varies,$b2022-
=321  \\$aBimonthly,$b2019-2021
=336  \\$atext$2rdacontent
=337  \\$acomputer$2rdamedia
=338  \\$aonline resource$2rdacarrier
=362  0\$aVolume 1, issue 1 (February 2019)-
=515  \\$aArticles added throughout the year and compiled into annual volumes.
=540  \\$aCurrent Copyright Fee: GBP32.00$c35\0$5Uk
=588  \\$aDescription based on: Volume 1, Issue 1 (February 2019) ; title from caption (onlinelibrary.wiley.com, viewed June 3, 2019).
=588  \\$aLatest issue consulted: volume 2022, article ID 1928643 (viewed December 7, 2022).
=650  \0$aMaterials$xResearch$vPeriodicals.
=650  \0$aMaterials$xDesign$vPeriodicals.
=650  \7$aMaterials$xResearch.$2fast$0(OCoLC)fst01011865
=650  \7$aMaterials$xDesign.$2fast$0(OCoLC)fst01011799
=655  \0$aElectronic journals.
=655  \7$aPeriodicals.$2fast$0(OCoLC)fst01411641
=852  41$aBritish Library$bHMNTS$jELD Digital store$3Volume 1:Issue 1(2019)-
=852  \\$aBritish Library$bDSC$j5393.204800$3Volume 1:Issue 1(2019)-Volume 3:Issue 6(2021)
=856  \\$31850-9999$uhttp://onlinelibrary.wiley.com/$xBLDSS
=856  40$32019-2021$uhttps://onlinelibrary.wiley.com/journal/25776576
=856  40$32022-$uhttps://www.hindawi.com/journals/mdp/
=859  \\$aELD$bejournal
=945  \\$aMaterial Design & Processing Communications.
=959  \\$fHeld but not currently received
=979  \\$aBritish Library$bDSC$j5393.204800
=985  \\$aISSN responsibility decision pending 07/12/22.
=CAT  \\$a14412$b40$c20190104$lBLL01$h0837
=CAT  \\$a12654$b40$c20190411$lBLL01$h1127
=CAT  \\$aBATCH-UPD$b40$c20190416$lBLL01$h2346
=CAT  \\$aBLDSS-3PM$b00$c20190418$lBLL01$h0834
=CAT  \\$aBATCH-UPD$b00$c20190418$lBLL01$h0836
=CAT  \\$a5410$b40$c20190702$lBLL01$h1030
=CAT  \\$a5410$b40$c20190702$lBLL01$h1033
=CAT  \\$a5410$b40$c20190715$lBLL01$h0910
=CAT  \\$a5410$b40$c20190717$lBLL01$h0827
=CAT  \\$a5410$b40$c20190717$lBLL01$h0937
=CAT  \\$a5410$b40$c20190722$lBLL01$h1117
=CAT  \\$a5410$b40$c20190731$lBLL01$h1034
=CAT  \\$a5410$b40$c20190731$lBLL01$h1035
=CAT  \\$a10806$b40$c20191115$lBLL01$h0940
=CAT  \\$aR1911-0245$c20191127$lBLL01$h0824
=CAT  \\$aR1911-0245$c20191127$lBLL01$h1045
=CAT  \\$aIPL-CLA$c20191231$lBLL01$h2046
=CAT  \\$a5410$b40$c20200109$lBLL01$h1225
=CAT  \\$a12654$b40$c20220128$lBLL01$h0916
=CAT  \\$a15190$b40$c20220324$lBLL01$h1128
=CAT  \\$a14586$b40$c20220704$lBLL01$h1805
=CAT  \\$a14586$b40$c20220704$lBLL01$h1809
=CAT  \\$a10969$b40$c20221207$lBLL01$h1201
=CAT  \\$a10969$b40$c20221207$lBLL01$h1207
=CAT  \\$a5410$b40$c20221208$lBLL01$h1103
=CAT  \\$a5410$b40$c20221215$lBLL01$h1044
=CFI  0\$aCurrent Copyright Fee: GBP32.00$c35\0$e01-jan-2020$fGBP32.00$g0$hP$5Uk
=CFI  2\$aPrevious copyright fee: GBP28.00$c35\0$e11-apr-2019$fGBP28.00$g0$hP$5Uk
=EST  \\$a1
=FFP  \\$aY$bBLDSS-3PM
=FIN  \\$aY$d20191115
=FMT  \\$a  SE
=LAS  \\$a5410$b40$c20221215$lBLL01$h1044
=MNI  \\$a2577-5476
=SID  \\$aZ39$bOCLC
=TOC  \\$aETOC
=UNO  \\$aY

