=LDR  03905cas a2200961 i 4500
=001  019198178
=003  Uk
=005  20221209100653.0
=006  m\\\\\o\\d\\\\\\\\
=007  cr\|||||||||||
=008  180410c20199999enk\x\p\o\\\\\0\\\a0eng\\
=010  \\$a  2018200507
=015  \\$aGBB9G5522$2bnb
=022  \\$a2577-7408
=035  \\$a(OCoLC)1030964591$z(OCoLC)1101180778$z(OCoLC)1117786870
=037  3\$aISSN_25777408_33$bPortico$nHindawi
=037  \\$aISSN_25777408$nWiley$bPortico
=040  \\$aDLC$beng$cDLC$dDLC$dZ5A$dDLC$dSCB$dOCL$dUk$erda
=042  \\$aukblsr
=082  10$a004.0151$223
=210  0\$aComput. math. methods
=222  \0$aComputational and mathematical methods
=245  00$aComputational and mathematical methods.
=264  \1$a[Hoboken, New Jersey] :$bJohn Wiley & Sons, Inc.,$c2019-
=264  31$32022-$a[London] :$bHindawi
=300  \\$billustrations (colour)
=310  \\$aFrequency of update varies,$b2022-
=321  \\$aBimonthly,$b2019-2021
=336  \\$atext$btxt$2rdacontent
=337  \\$acomputer$bc$2rdamedia
=338  \\$aonline resource$bcr$2rdacarrier
=362  1\$aBegan with: Volume 1, Issue 1 (January 2019).
=515  \\$aArticles added throughout the year and compiled into annual volumes.
=540  \\$aCurrent Copyright Fee: GBP32.00$c35\0$5Uk
=588  \\$aDescription based on: Volume 1, Issue 1 (January 2019) ; title from cover image (onlinelibrary.wiley.com viewed June 3, 2019).
=588  \\$aLatest issue consulted: volume 2022, article ID 2836545 (viewed November 30, 2022).
=650  \0$aMathematics$xData processing$vPeriodicals.
=650  \0$aNumerical analysis$vPeriodicals.
=650  \7$aNumerical analysis.$2fast$0(OCoLC)fst01041273
=650  \7$aMathematics$xData processing.$2fast$0(OCoLC)fst01012179
=655  \7$aPeriodicals.$2fast$0(OCoLC)fst01411641
=852  41$aBritish Library$bHMNTS$jELD Digital store$3Volume 1:Issue 1(2019)-
=852  \\$aBritish Library$bDSC$j3390.572700$3Volume 1:Issue 1(2019)-Volume 3:Issue 6(2021)
=856  \\$31850-9999$uhttp://onlinelibrary.wiley.com/$xBLDSS
=856  40$32019-2021$uhttps://onlinelibrary.wiley.com/loi/25777408
=856  40$32022-$uhttps://www.hindawi.com/journals/cmm/
=859  \\$aELD$bejournal
=945  \\$aComputational and mathematical methods
=959  \\$fHeld but not currently received
=979  \\$aBritish Library$bDSC$j3390.572700
=985  \\$aISSN responsibility decision pending 30/11/22.
=CAT  \\$a14412$b40$c20190104$lBLL01$h1038
=CAT  \\$a8055$b40$c20190308$lBLL01$h1131
=CAT  \\$a8055$b40$c20190308$lBLL01$h1153
=CAT  \\$a8055$b40$c20190312$lBLL01$h1020
=CAT  \\$aBATCH-UPD$b40$c20190312$lBLL01$h2342
=CAT  \\$aBLDSS-3PM$b00$c20190314$lBLL01$h0848
=CAT  \\$aBATCH-UPD$b00$c20190314$lBLL01$h0850
=CAT  \\$a14586$b40$c20190525$lBLL01$h0934
=CAT  \\$a8124$b40$c20191002$lBLL01$h1003
=CAT  \\$aR1911-0245$c20191127$lBLL01$h0824
=CAT  \\$aR1911-0245$c20191127$lBLL01$h1045
=CAT  \\$aIPL-CLA$c20191231$lBLL01$h2046
=CAT  \\$a12654$b40$c20220128$lBLL01$h0856
=CAT  \\$a9667$b40$c20220324$lBLL01$h1157
=CAT  \\$a14586$b40$c20220704$lBLL01$h1812
=CAT  \\$a14586$b40$c20220704$lBLL01$h1813
=CAT  \\$a10969$b40$c20221130$lBLL01$h1527
=CAT  \\$a10969$b40$c20221130$lBLL01$h1601
=CAT  \\$a10969$b40$c20221130$lBLL01$h1604
=CAT  \\$a5410$b40$c20221201$lBLL01$h1043
=CAT  \\$a5410$b40$c20221209$lBLL01$h1006
=CFI  0\$aCurrent Copyright Fee: GBP32.00$c35\0$e01-jan-2020$fGBP32.00$g0$hP$5Uk
=CFI  2\$aPrevious copyright fee: GBP28.00$c35\0$e08-mar-2019$fGBP28.00$g0$hP$5Uk
=EST  \\$a1
=FFP  \\$aY$bBLDSS-3PM
=FIN  \\$aY$d20191002
=FMT  \\$a  SE
=LAS  \\$a5410$b40$c20221209$lBLL01$h1006
=MNI  \\$a2577-7408
=SID  \\$aZ39$bOCLC
=TOC  \\$aETOC
=UNO  \\$aY

