=LDR  03630cas a2200913 i 4500
=001  019200161
=003  Uk
=005  20221209100517.0
=006  m\\\\\|\\d\|\\\\\\
=007  cr\|||||||||||
=008  190107c20199999enk\x\p\o\\\\\0\\\a0eng\\
=015  \\$aGBB9H8187$2bnb
=022  0\$a2578-1863
=037  3\$aISSN_25781863_33$bPortico$nHindawi
=037  \\$aISSN_25781863$bPortico$nWiley
=040  \\$aUk$beng$cUk$dUk$erda
=042  \\$aukblsr
=082  04$a303.48305$223
=222  \0$aHuman behavior and emerging technologies
=245  00$aHuman behavior and emerging technologies.
=264  \1$a[Hoboken, New Jersey] :$bWiley,$c2019-
=264  31$32022-$a[London] :$bHindawi
=300  \\$billustrations (black and white, and colour)
=310  \\$aFrequency of update varies,$b2022-
=321  \\$aQuarterly,$b2019-2021
=336  \\$atext$2rdacontent
=337  \\$acomputer$2rdamedia
=338  \\$aonline resource$2rdacarrier
=362  0\$aVolume 1, issue 1 (January 2019)-
=500  \\$aTitle from PDF cover (Wiley Online Library, viewed October 31, 2019).
=515  \\$aArticles added throughout the year and compiled into annual volumes.
=540  \\$aCurrent Copyright Fee: GBP32.00$c35\0$5Uk
=588  \\$aLatest issue consulted: volume 2022, article ID 8683671 (viewed November 30, 2022).
=650  \0$aHuman behavior$vPeriodicals.
=650  \0$aTechnological innovations$xSocial aspects$vPeriodicals.
=650  \0$aHuman-computer interaction$vPeriodicals.
=690  7\$aSocial Welfare$2blcoll
=852  41$aBritish Library$bHMNTS$jELD Digital store$3Volume 1:Issue 1(2019)-
=852  \\$aBritish Library$bDSC$j4335.980200$3Volume 1:Issue 1(2019)-Volume 3:Issue 5(2021)
=856  4\$31850-9999$uhttp://onlinelibrary.wiley.com/$xBLDSS
=856  40$32019-2021$ahttps://onlinelibrary.wiley.com/loi/25781863
=856  40$32022-$uhttps://www.hindawi.com/journals/hbet/
=859  \\$aELD$bejournal
=945  \\$aHuman behavior and emerging technologies
=959  \\$fHeld but not currently received
=979  \\$aBritish Library$bDSC$j4335.980200
=985  \\$aISSN responsibility decision pending 30/11/22.
=CAT  \\$a14412$b40$c20190107$lBLL01$h0907
=CAT  \\$a14412$b40$c20190107$lBLL01$h0908
=CAT  \\$a14586$b40$c20190405$lBLL01$h1413
=CAT  \\$a12654$b40$c20190411$lBLL01$h0941
=CAT  \\$a12654$b40$c20190411$lBLL01$h0945
=CAT  \\$aBATCH-UPD$b40$c20190416$lBLL01$h2346
=CAT  \\$aBLDSS-3PM$b00$c20190418$lBLL01$h0834
=CAT  \\$aBATCH-UPD$b00$c20190418$lBLL01$h0836
=CAT  \\$a8055$b40$c20190521$lBLL01$h1110
=CAT  \\$a8124$b40$c20191031$lBLL01$h1250
=CAT  \\$aBATCH-SWP$c20191108$lBLL01$h2230
=CAT  \\$aR1911-0245$c20191127$lBLL01$h0824
=CAT  \\$aR1911-0245$c20191127$lBLL01$h1045
=CAT  \\$aIPL-CLA$c20191231$lBLL01$h2046
=CAT  \\$a8055$b40$c20201110$lBLL01$h1418
=CAT  \\$a12654$b40$c20220128$lBLL01$h0852
=CAT  \\$a9667$b40$c20220324$lBLL01$h1403
=CAT  \\$a14586$b40$c20220704$lBLL01$h1817
=CAT  \\$a10969$b40$c20221130$lBLL01$h1702
=CAT  \\$a5410$b40$c20221201$lBLL01$h1035
=CAT  \\$a5410$b40$c20221209$lBLL01$h1005
=CFI  0\$aCurrent Copyright Fee: GBP32.00$c35\0$e01-jan-2020$fGBP32.00$g0$hP$5Uk
=CFI  2\$aPrevious copyright fee: GBP28.00$c35\0$e11-apr-2019$fGBP28.00$g0$hP$5Uk
=EST  \\$a1
=FFP  \\$aY$bBLDSS-3PM
=FIN  \\$aY$d20191031
=FMT  \\$a  SE
=LAS  \\$a5410$b40$c20221209$lBLL01$h1005
=LET  \0$aHuman behavior and emerging technologies (Electronic)
=MNI  \\$a2578-1863
=TOC  \\$aETOC
=UNO  \\$aY

