=LDR  02466cas a2200493 i 4500
=001  019287131
=003  Uk
=005  20200110220908.0
=006  m\\\\\|\\d\|\\\\\\
=007  cr\|||||||||||
=008  190307c20199999enk\x\p\o\\\\\0\\\a0eng\\
=015  \\$aGBB945911$2bnb
=040  \\$aUk$beng$cUk$erda
=042  \\$aukblsr
=082  04$a307.1$223
=245  00$aRegions e-Zine.
=246  13$aRSA regions
=246  13$aRSA magazine
=264  \1$a[Brighton] :$b[Regional Studies Association]
=300  \\$billustrations (colour)
=336  \\$atext$2rdacontent
=337  \\$acomputer$2rdamedia
=338  \\$aonline resource$2rdacarrier
=362  0\$aIssue 1-
=500  \\$aTitle from journal homepage (publisher's Web site, viewed March 7, 2019).
=588  \\$aLatest issue consulted: issue 3 (viewed March 7, 2019).
=610  20$aRegional Studies Association (Seaford, England)$vPeriodicals.
=650  \0$aRegional planning$vPeriodicals.
=650  \0$aCommunity development$vPeriodicals.
=690  7\$aSocial Welfare$2blcoll
=710  2\$aRegional Studies Association (Seaford, England),$eissuing body.
=780  00$tRegions$x2167-4582
=852  41$aBritish Library$bHMNTS$jELD Digital store$3Issue 1(2018)-
=856  4\$uhttps://regions.regionalstudies.org/$zFollow links to resource
=859  \\$aELD$bejournal
=985  \\$aThe former title "Regions" (ISSN 2167-4582) was most latterly published online by Taylor & Francis at https://rsa.tandfonline.com/toc/resn20/current. It ran up until volume 308 (2017) - the same issue that the print ceased with. As the ISSN responsibility lay with the US centre, we have no record for the online version on Aleph. There is no evidence on current site that T&F are involved in publishing this, but as Acquisitions received no clarification, no new ISSN has been assigned at present 18/12/19. ED.
=985  \\$aDone as a C/T as the publisher intent is definitely that this is a new product. The title on the website, however is "fluid". The most prominent statement is Regions e-Zine, but elsewhere text refers to "Regions", "RSA Regions" "RSA magazine". The T&F home page for the previous title supports the C/T decision.
=CAT  \\$a8483$b40$c20190307$lBLL01$h1035
=CAT  \\$a8483$b40$c20191218$lBLL01$h1053
=CAT  \\$aBATCH-SWP$c20200110$lBLL01$h2209
=FIN  \\$aY$d20190307
=FMT  \\$a  SE
=LAS  \\$aBATCH-SWP$b00$c20200110$lBLL01$h2209
=LET  \0$aRegions e-zine (Electronic)

