=LDR  02560cas a2200661 i 4500
=001  019298674
=003  Uk
=005  20230620081227.0
=006  m\\\\\\\\d\|\\\\\\
=007  cr||||||||||||
=008  190313c20179999rb\qr\j\o\\\\\0\\\a0eng\\
=015  \\$aGBC0F2869$2bnb
=022  \\$a2542-4742
=040  \\$aUk$beng$cUk$dUk$erda
=042  \\$aukblsr
=082  04$a338.92705$223
=222  \0$aEuropean journal of sustainable development research
=245  00$aEuropean journal of sustainable development research.
=264  \1$aThe Hague :$bLectito Journals,$c2017-
=264  21$aCroydon, London, UK :$bModestum
=264  21$aCroydon, London, UK :$bVeritas
=264  21$32021-$a[Great Britain] :$bVeritas
=264  21$aEastbourne :$bModestum
=264  31$aBelgrade, Serbia :$bModestum DOO
=310  \\$aQuarterly,$b2018-
=321  \\$aSemiannual,$b-2017
=336  \\$atext$2rdacontent
=337  \\$acomputer$2rdamedia
=338  \\$aonline resource$2rdacarrier
=362  0\$aVolume 1, issue 1 (2017)-
=500  \\$aTitle from PDF article running title (publisher's Web site, viewed October 6, 2020).
=515  \\$aArticles added, as accepted, to current issue.
=588  \\$aLatest issue consulted: volume 7, issue 4 (2023) (viewed June 20, 2023).
=650  \0$aSustainable development$vPeriodicals.
=650  \0$aSustainability$vPeriodicals.
=690  7\$aManagement and Business Studies$2blcoll
=852  41$aBritish Library$bHMNTS$jELD Digital store$3Volume 1:Issue 1(2017)-
=856  40$uhttps://www.ejosdr.com/
=859  \\$aELD$bejournal
=985  \\$aISSN UK Centre note: ISSN transferred from ISSN Centre Netherlands to ISSN UK Centre, March 13, 2019.
=985  \\$aCatalogued via VPN October 2020.
=985  \\$aISSN responsibility passed to ISSN Serbia (20/06/23)
=CAT  \\$a11205$b40$c20190313$lBLL01$h1038
=CAT  \\$a11205$b40$c20190313$lBLL01$h1103
=CAT  \\$a3072$b40$c20201006$lBLL01$h1013
=CAT  \\$a3072$b40$c20201006$lBLL01$h1020
=CAT  \\$a3072$b40$c20201006$lBLL01$h1046
=CAT  \\$aBATCH-MBS$c20201016$lBLL01$h2139
=CAT  \\$a3072$b40$c20210720$lBLL01$h1635
=CAT  \\$a10806$b40$c20221017$lBLL01$h1055
=CAT  \\$a10806$b40$c20230117$lBLL01$h1315
=CAT  \\$a10806$b40$c20230117$lBLL01$h1316
=CAT  \\$a10806$b40$c20230117$lBLL01$h1317
=CAT  \\$a10806$b40$c20230620$lBLL01$h0812
=FIN  \\$aY$d20190313
=FMT  \\$a  SE
=LAS  \\$a10806$b40$c20230620$lBLL01$h0812
=LET  \0$aEuropean journal of sustainable development research (Electronic)

