=LDR  02416cas a2200553 i 4500
=001  019330217
=003  Uk
=005  20230613084001.0
=006  m\\\\\\\\d\|\\\\\\
=007  cr||||||||||||
=008  190327c20169999rb\qr\p\o\\\\\0\\\a0eng\\
=015  \\$aGBC0F2875$2bnb
=022  \\$a2468-4929
=040  \\$aUk$beng$cUk$dUk$erda
=042  \\$aukblsr
=082  04$a370.71105$223
=222  \0$aPedagogical research$b(Online)
=245  00$aPedagogical research.
=264  \1$aAmsterdam :$bLectitio Journals,$c2016-
=264  21$aCroydon, London, UK :$bModestum
=264  31$32023-$aBelgrade, Serbia :$bModestum DOO
=310  \\$aQuarterly,$b2018-
=321  \\$aSemiannual,$b-2017
=336  \\$atext$2rdacontent
=337  \\$acomputer$2rdamedia
=338  \\$aonline resource$2rdacarrier
=362  0\$aVolume 1, issue 1 (January 2016)-
=500  \\$aTitle from PDF article running title (publisher's Web site, viewed October 6, 2020).
=515  \\$aArticles added, as accepted, to current issue.
=588  \\$aLatest issue consulted: volume 8, issue 4 (October 2023) (in progress) (publisher's Web site, viewed June 13, 2023).
=650  \0$aTeachers$xTraining of$vPeriodicals.
=650  \0$aEducation$xStudy and teaching$vPeriodicals.
=852  41$aBritish Library$bHMNTS$jELD Digital store$3Volume 1:Issue 1(2016)-
=856  4\$uhttps://www.pedagogicalresearch.com/
=859  \\$aELD$bejournal
=985  \\$aCatalogued via VPN October 2020.
=985  \\$aISSN UK Centre note: ISSN transfered from ISSN Centre Netherlands to ISSN UK Centre, March 27, 2019.
=985  \\$aDiscussion with ISSN Serbia regarding switch to Modestum DOO (Serbia) which is a different company to Modestum Ltd (UK). Not clear from resource itself - just quotes MODESTUM. No transfer to ISSN Serbia at present but may change later in 2023 - see email sent to Serbia (25/05/23). Update (13/06/23) - responsibility passed to ISSN Serbia - now published in Belgrade.
=CAT  \\$a11205$b40$c20190327$lBLL01$h1313
=CAT  \\$a11205$b40$c20190327$lBLL01$h1518
=CAT  \\$a3072$b40$c20201006$lBLL01$h1130
=CAT  \\$a3072$b40$c20201006$lBLL01$h1131
=CAT  \\$a10806$b40$c20230525$lBLL01$h0949
=CAT  \\$a10806$b40$c20230613$lBLL01$h0840
=FIN  \\$aY$d20190327
=FMT  \\$a  SE
=LAS  \\$a10806$b40$c20230613$lBLL01$h0840
=LET  \0$aPedagogical research (Electronic)
=MNI  \\$a2468-4929

