=LDR  02894cas a2200697 i 4500
=001  019415923
=003  Uk
=005  20220930143036.0
=006  m\\\\\|\\d\|\\\\\\
=007  cr\|||||||||||
=008  190525c19919999caufr\p\o\\\\\0\\\a0eng\\
=022  \\$a2074-0131$l1018-5291$y1018-5291
=037  \\$ajrd$bSage (UK) Ltd
=040  \\$aUk$beng$cUk$erda
=042  \\$aukblsr
=082  04$a333.76152095$223
=210  0\$aAsia-Pac. j. rural dev.$b(Online)
=222  \0$aAsia-Pacific journal of rural development$b(Online)
=245  00$aAsia-Pacific journal of rural development.
=264  \1$aThousand Oaks, Calif. :$bSAGE Publications,$c1991-
=310  \\$aSemiannual
=336  \\$atext$2rdacontent
=337  \\$acomputer$2rdamedia
=338  \\$aonline resource$2rdacarrier
=362  0\$aVolume 1, issue 1 (July 1991)-
=540  \\$aCurrent copyright fee: GBP32.82$c19\0$5Uk
=588  \\$aDescription based on: volume 1, issue 1 (July 1991); title from PDF article (SAGE Journals website, viewed March 9, 2021).
=588  \\$aLatest issue consulted: volume 31, issue 1 (June 2021) (SAGE journals, viewed November 2, 2021).
=650  \0$aRural development$zAsia$vPeriodicals.
=650  \0$aRural development$zIslands of the Pacific$vPeriodicals.
=651  \0$aAsia$vPeriodicals.
=710  2\$aCenter on Integrated Rural Development for Asia and the Pacific,$eissuing body.
=852  41$aBritish Library$bHMNTS$jELD Digital store$3Volume 23:Issue 1(2013)-
=856  \\$31850-9999$uhttp://www.uk.sagepub.com/home.nav$xBLDSS
=856  40$uhttps://journals.sagepub.com/aims-scope/JRD
=859  \\$aELD$bejournal
=945  \\$aAsia Pacific journal of rural development
=979  \\$aBritish Library$bDSC$j1742.260935
=985  \\$aISSN responsibility transfer from IC to UK pending (Richard, 02/11/21)
=ACF  \\$aPrevious copyright fee: GBP28.13$c19\0$e11-oct-2021$fGBP28.13$g0$hP$5Uk
=CAT  \\$a10983$b40$c20190525$lBLL01$h1016
=CAT  \\$a15190$b40$c20191209$lBLL01$h1112
=CAT  \\$a11315$b40$c20210309$lBLL01$h1650
=CAT  \\$a8055$b40$c20211011$lBLL01$h1426
=CAT  \\$a8055$b40$c20211011$lBLL01$h1427
=CAT  \\$aBATCH-UNOA$c20211012$lBLL01$h2347
=CAT  \\$aBLDSS-3PM$b00$c20211020$lBLL01$h0847
=CAT  \\$aBATCH-UPD$b00$c20211020$lBLL01$h0848
=CAT  \\$a10806$b40$c20211102$lBLL01$h1043
=CAT  \\$aBATCH-UPD$b40$c20220520$lBLL01$h1640
=CAT  \\$aIPL-CLA$c20220630$lBLL01$h1541
=CAT  \\$aBATCH-UPD$b00$c20220824$lBLL01$h0906
=CAT  \\$aIPL-CLA$c20220930$lBLL01$h1430
=CFI  0\$aCurrent copyright fee: GBP32.82$c19\0$e01-oct-2022$fGBP32.82$g0$hP$5Uk
=CFI  2\$aPrevious copyright fee: GBP31.50$c19\0$e01-jul-2022$fGBP31.50$g0$hP$5Uk
=FFP  \\$aY$bBLDSS-3PM
=FIN  \\$aY$d20210309
=FMT  \\$a  SE
=LAS  \\$aIPL-CLA$b00$c20220930$lBLL01$h1430
=MNI  \\$a1018-5291
=UNO  \\$aY

