=LDR  01423cas a2200409 i 4500
=001  019444013
=003  Uk
=005  20200115170809.0
=007  ta
=008  190625c20189999ne\fr\p\\\\\\\0\\\a0eng\\
=022  \\$y2590-3470
=040  \\$aUk$beng$cUk$erda
=042  \\$aukblsr
=082  04$a526.3$223
=245  00$aProducts4geo industry guide.
=246  3\$aProducts four geo industry guide
=246  3\$aProducts for geo industry guide
=264  \1$aLemmer :$bGeomares,$c[2018]-
=300  \\$billustrations (colour) ;$c30 cm
=310  \\$aSemiannual
=336  \\$atext$2rdacontent
=337  \\$aunmediated$2rdamedia
=338  \\$avolume$2rdacarrier
=588  0\$aDescription based on: issue 1 (2019).
=650  \0$aGeomatics$vPeriodicals.
=650  \0$aGeographic information systems$vPeriodicals.
=650  \0$aSpatial systems$vPeriodicals.
=780  00$tEngineering surveying showcase$x1358-6734
=852  41$aBritish Library$bHMNTS$jZK.9.b.36896$3Issue 1(2018)
=985  \\$aCataloguers note: ISSN is responsibility of ISSN Netherlands, not yet confirmed in the Portal.
=CAT  \\$a5997$b40$c20190625$lBLL01$h1422
=CAT  \\$a5997$b40$c20190625$lBLL01$h1426
=CAT  \\$a10973$b40$c20200115$lBLL01$h1708
=FIN  \\$aY$d20190625
=FMT  \\$a  SE
=LAS  \\$a10973$b40$c20200115$lBLL01$h1708
=LKR  \\$aPAR$b009082303$lBLL01$r78000$mProducts4geo industry guide.$nEngineering surveying showcase

