=LDR  02920cas a2200745 i 4500
=001  019482843
=003  Uk
=005  20230511163139.0
=006  m\\\\\|\\d\|\\\\\\
=007  cr\|||||||||||
=008  190730c19689999ii\qr\p\o\\\\\0\\\a0eng\\
=022  \\$a0974-9098
=037  \\$ajioa$bSage (UK) Ltd
=040  \\$aUk$beng$cUk$erda
=042  \\$aukblsr
=082  04$a617.643$223
=222  \0$aJIOS : Journal of Indian Orthodontic Society$b(Online)
=245  00$aJournal of Indian Orthodontic Society.
=264  \1$a[New Delhi]$b[Jaypee Brothers Medical Ltd]
=264  31$a[India?] :$bSAGE
=300  \\$billustrations (black and white)
=310  \\$aQuarterly,$b2007-
=321  \\$aSemiannual,$b-2006
=336  \\$atext$2rdacontent
=337  \\$acomputer$2rdamedia
=338  \\$aonline resource$2rdacarrier
=362  1\$aPrint began in 1968.
=540  \\$aCurrent Copyright Fee: zero$c19\0$5Uk
=588  \\$aDescription based on: volume 35, issue 1 (March 2001) (SAGE Journals, viewed February 26, 2021).
=588  \\$aLatest issue consulted: volume 55, issue 1 (January 2021) (viewed February 26, 2021).
=650  \0$aOrthodontics$vPeriodicals.
=710  2\$aIndian Orthodontic Society,$eissuing body.
=776  08$iAlso issued in print as:$tJournal of Indian Orthodontic Society$x0301-5742
=852  41$aBritish Library$bHMNTS$jELD Digital store$3Volume 47:Issue 1(2013)-
=856  40$uhttps://journals.sagepub.com/home/jio
=859  \\$aELD$bejournal
=945  \\$aJournal- Indian Orthodontic Society
=979  \\$aBritish Library$bDSC$j4767.600000N
=985  \\$aISSN responsibility transfer from India to UK pending (Richard, 04/11/21)
=ACF  \\$aPrevious copyright fee: GBP11.54$c111\0$e24-sep-2019$fGBP11.54$g0$hP$5Uk
=CAT  \\$a10983$b40$c20190730$lBLL01$h1220
=CAT  \\$a5410$b40$c20190828$lBLL01$h0904
=CAT  \\$a12654$b40$c20190924$lBLL01$h0829
=CAT  \\$a12654$b40$c20190924$lBLL01$h0839
=CAT  \\$aIPL-CLA$c20190930$lBLL01$h1659
=CAT  \\$aBLDSS-3PM$b00$c20191011$lBLL01$h0917
=CAT  \\$aBATCH-UPD$b00$c20191011$lBLL01$h0918
=CAT  \\$a5552$b40$c20191025$lBLL01$h0926
=CAT  \\$aBATCH-UNOA$c20191030$lBLL01$h0101
=CAT  \\$a15190$b40$c20191209$lBLL01$h1147
=CAT  \\$a8483$b40$c20210226$lBLL01$h1446
=CAT  \\$a5552$b40$c20210408$lBLL01$h0800
=CAT  \\$a10806$b40$c20211104$lBLL01$h1125
=CAT  \\$a8871$b40$c20211117$lBLL01$h0818
=CAT  \\$aBATCH-FIX$c20230511$lBLL01$h1631
=CFI  0\$aCurrent copyright fee: zero$c19\0$e25-oct-2019$fGBP0.00$g0$hP$5Uk
=CFI  2\$aPrevious copyright fee: GBP12.00$c111\0$e01-oct-2019$fGBP12.00$g0$hP$5Uk
=FFP  \\$aY$bBLDSS-3PM
=FIN  \\$aY$d20210226
=FMT  \\$a  SE
=LAS  \\$aBATCH-FIX$b00$c20230511$lBLL01$h1631
=LET  \0$aJournal of the Indian Orthodontic Society (Electronic)
=MNI  \\$a0301-5742
=TOC  \\$aETOC
=UNO  \\$aY

