=LDR  03629cas a2200853 i 4500
=001  019517442
=003  Uk
=005  20210312213026.0
=006  m\\\\\o\\d\\\\\\\\
=007  cr\|n|||||||||
=008  750918c19749999enkqr\p\o\\\\\0\\\a0eng\\
=010  \\$a  2020205077
=022  \\$a2456-1223$l0970-8464$y0970-8464
=025  \\$aI-D-E-1553
=035  \\$a(OCoLC)1115106871
=037  \\$asde$bSage(UK)Ltd
=040  \\$aVT2$beng$cVT2$dOCLCO$dCNCGM$dOCLCQ$dDLC$dUk$erda$epn
=042  \\$aukblsr
=043  \\$aa-ii---
=050  00$aHD69.S6
=082  04$a658.022$223
=222  \0$aSmall Enterprises development, management & extension journal (SEDME)$b(Online)
=245  00$aSedme.
=246  13$aSEDME (Small Enterprises Development, Management & Extension journal)
=246  13$aSEDME journal
=246  13$aSmall enterprises development, management & extension journal
=246  3\$aSmall enterprises development, management and extension journal
=246  13$aA worldwide window on MSME studies
=264  \1$a[Hyderabad] :$b[Small Industry Extension Training Institute],$c[1974]-
=264  31$a[London] :$bSAGE Publications
=300  \\$bQuarterly$aonline resource
=310  \\$aQuarterly
=336  \\$atext$2rdacontent
=337  \\$acomputer$2rdamedia
=338  \\$aonline resource$2rdacarrier
=362  1\$aPrint began with: Volume 1 (June 1974).
=550  \\$aIssued by: National Institute of Small Industry Extension Training; <2007-> issued by National Institute for Micro, Small and Medium Enterprises.
=588  \\$aDescription based on print version record.
=588  \\$aLstest issued consulted: volume 47, issue 1 (March 2020); SAGE journals; viewed March 9, 2021.
=650  \0$aSmall business$xManagement$vPeriodicals.
=650  \0$aSmall business$xStudy and teaching$zIndia$vPeriodicals.
=650  \7$aSmall business$xManagement.$2fast$0(OCoLC)fst01121306
=650  \7$aSmall business$xStudy and teaching.$2fast$0(OCoLC)fst01121358
=650  \7$aKlein- und Mittelunternehmen.$2stw
=650  \7$aIndien.$2stw
=650  \7$aBetriebswirtschaftslehre.$2stw
=651  \7$aIndia.$2fast$0(OCoLC)fst01210276
=655  \0$aElectronic journals.
=655  \7$aPeriodicals.$2fast$0(OCoLC)fst01411641
=690  7\$aManagement and Business Studies$2blcoll
=710  2\$aSmall Industry Extension Training Institute (India),$epublisher.
=710  2\$aNational Institute of Small Industry Extension Training,$eissuing body.
=710  2\$aNational Institute for Micro, Small and Medium Enterprises (India),$eissuing body.
=776  08$iAlso issued in print as:$tSedme$x0970-8464
=780  00$aSmall Industry Extension Training Institute (India).$tSIET studies
=852  41$aBritish Library$bHMNTS$jELD Digital store$3Volume 40:Issue 1(2013)-
=856  40$uhttps://journals.sagepub.com/description/SDE$z03/01/2019 to present
=859  \\$aELD$bejournal
=985  \\$aTransfer of ISSN responsibility from India to the UK in progress.
=CAT  \\$a9667$b40$c20190823$lBLL01$h1407
=CAT  \\$a15190$b40$c20191209$lBLL01$h1212
=CAT  \\$a11205$b40$c20210309$lBLL01$h1228
=CAT  \\$a11205$b40$c20210309$lBLL01$h1229
=CAT  \\$a11205$b40$c20210309$lBLL01$h1238
=CAT  \\$a11205$b40$c20210309$lBLL01$h1241
=CAT  \\$aBATCH-016$c20210310$lBLL01$h2154
=CAT  \\$aBATCH-MBS$c20210312$lBLL01$h2130
=FIN  \\$aY$d20210309
=FMT  \\$a  SE
=LAS  \\$aBATCH-MBS$b00$c20210312$lBLL01$h2130
=LET  \0$aSedme (Electronic)
=LKR  \\$aPAR$b009871440$lBLL01$nSedme (Print)$mSedme (Online)$r776
=MNI  \\$a0970-8464
=SRC  \\$aBLL02

