=LDR  04019cas a2200949 i 4500
=001  019517447
=003  Uk
=005  20220930143037.0
=006  m\\\\\|\\d\|\\\\\\
=007  cr\|||||||||||
=008  190823c20019999ii\fr\p\o\\\\\0\\\a0eng\\
=022  \\$a0976-3430
=037  \\$aoan$bSage(UK)Ltd
=040  \\$aUk$beng$cUk$erda
=042  \\$aukblsr
=082  04$a301.0954$223
=222  \0$aOriental anthropologist
=245  04$aThe oriental anthropologist.
=264  \1$aAllahabad :$bOriental Institute of Cultural and Social Research,$c2001-
=264  21$3<2013->$aNew Delhi :$bMD Publications
=264  31$a[New Delhi] :$bSage Publications
=300  \\$billustrations (black and white, and colour)
=310  \\$aSemiannual
=336  \\$atext$2rdacontent
=337  \\$acomputer$2rdamedia
=338  \\$aonline resource$2rdacarrier
=362  1\$aPrint began with volume 1, number 1 (January 2001).
=540  \\$aCurrent copyright fee: GBP32.82$c19\0$5Uk
=588  \\$aDescription based on print version record.
=588  \\$aLatest issue consulted: volume 21, issue 1 (June 2021) (viewed November 2, 2021).
=650  \0$aAnthropology$vPeriodicals.
=650  \0$aAnthropology$zIndia$vPeriodicals.
=650  \0$aEthnology$vPeriodicals.
=650  \0$aEthnology$zIndia$vPeriodicals.
=710  2\$aOriental Institute of Cultural and Social Research (Allahabad, India)
=776  08$iAlso issued in print as:$tOriental anthropologist$x0972-558X
=852  41$aBritish Library$bHMNTS$jELD Digital store$3Volume 13:Issue 1(2013)-
=856  40$31850-9999$uhttp://www.uk.sagepub.com/home.nav$xBLDSS
=856  40$uhttps://journals.sagepub.com/home/oan
=859  \\$aELD$bejournal
=945  \\$aOriental anthropologist
=979  \\$aBritish Library$bDSC$j6291.159750N
=985  \\$aISSN responsibility transfer from India to UK pending (Richard, 02/11/21)
=ACF  \\$aPrevious copyright fee: GBP30.24$c19\0$e01-oct-2019$fGBP30.24$g0$hP$5Uk
=ACF  \\$aPrevious copyright fee: GBP30.29$c19\0$e01-apr-2020$fGBP30.29$g0$hP$5Uk
=ACF  \\$aPrevious copyright fee: GBP31.50$c19\0$e01-jul-2020$fGBP31.50$g0$hP$5Uk
=ACF  \\$aPrevious copyright fee: GBP29.17$c19\0$e01-apr-2021$fGBP29.17$g0$hP$5Uk
=ACF  \\$aPrevious copyright fee: GBP28.13$c19\0$e07-jul-2021$fGBP28.13$g0$hP$5Uk
=CAT  \\$a9667$b40$c20190823$lBLL01$h1416
=CAT  \\$a8055$b40$c20191008$lBLL01$h1349
=CAT  \\$aBATCH-UPD$b40$c20191009$lBLL01$h0018
=CAT  \\$aBLDSS-3PM$b00$c20191014$lBLL01$h1047
=CAT  \\$aBATCH-UPD$b00$c20191014$lBLL01$h1048
=CAT  \\$a8483$b40$c20191112$lBLL01$h1010
=CAT  \\$a8483$b40$c20191112$lBLL01$h1024
=CAT  \\$a8483$b40$c20191112$lBLL01$h1026
=CAT  \\$a8483$b40$c20191112$lBLL01$h1028
=CAT  \\$a11313$b40$c20191122$lBLL01$h0855
=CAT  \\$a15190$b40$c20191209$lBLL01$h1214
=CAT  \\$aBATCH-UPD$b40$c20200219$lBLL01$h1510
=CAT  \\$aIPL-CLA$c20200331$lBLL01$h1639
=CAT  \\$aBATCH-UPD$b00$c20200522$lBLL01$h1448
=CAT  \\$aIPL-CLA$c20200701$lBLL01$h0125
=CAT  \\$aBATCH-UPD$b00$c20210226$lBLL01$h1029
=CAT  \\$aIPL-CLA$c20210331$lBLL01$h1704
=CAT  \\$aBATCH-UPD$b00$c20210707$lBLL01$h1553
=CAT  \\$aIPL-CLA$c20210707$lBLL01$h1845
=CAT  \\$a10806$b40$c20211102$lBLL01$h1049
=CAT  \\$aBATCH-UPD$b40$c20220520$lBLL01$h1640
=CAT  \\$aIPL-CLA$c20220630$lBLL01$h1541
=CAT  \\$aBATCH-UPD$b00$c20220824$lBLL01$h0906
=CAT  \\$aIPL-CLA$c20220930$lBLL01$h1430
=CFI  0\$aCurrent copyright fee: GBP32.82$c19\0$e01-oct-2022$fGBP32.82$g0$hP$5Uk
=CFI  2\$aPrevious copyright fee: GBP31.50$c19\0$e01-jul-2022$fGBP31.50$g0$hP$5Uk
=FFP  \\$aY$bBLDSS-3PM
=FIN  \\$aY$d20191112
=FMT  \\$a  SE
=LAS  \\$aIPL-CLA$b00$c20220930$lBLL01$h1430
=LET  \4$aThe Oriental anthropologist (Electronic)
=LKR  \\$aPAR$b012438871$lBLL01$r776$mOriental anthropologist (Online)$nThe oriental anthropologist (Print)
=MNI  \\$a0972-558X
=UNO  \\$aY

