=LDR  02574cas a2200685 i 4500
=001  019674640
=003  Uk
=005  20230620080552.0
=006  m\\\\\\\\d\|\\\\\\
=007  cr\|||||||||||
=008  200115c20179999rb\qr\j\o\\\\\0\\\a0eng\\
=015  \\$aGBC073434$2bnb
=022  \\$a2542-4904
=040  \\$aUk$beng$cUk$erda
=042  \\$aukblsr
=082  04$a362.105$223
=210  0\$aEur. j. environ. public health$b(Online)
=222  \0$aEuropean journal of environment and public health$b(Online)
=245  00$aEuropean journal of environment and public health.
=246  13$aEJEPH
=264  \1$aThe Hague :$bLectito Journals
=264  21$aLondon :$bModestum Ltd.
=264  21$32017-$aBeckenham, England :$bVeritas Publications Ltd
=264  21$aEastbourne, East Sussex :$bModestum Ltd
=264  31$aBelgrade, Serbia :$bModestum DOO
=310  \\$aQuarterly,$b2023-
=321  \\$aSemiannual
=336  \\$atext$2rdacontent
=337  \\$acomputer$2rdamedia
=338  \\$aonline resource$2rdacarrier
=362  0\$aVolume 1, issue 1 (2017)-
=500  \\$aTitle from PDF header (publisher's website, viewed June 18, 2020).
=500  \\$aArticles added, as accepted, to current issue.
=588  \\$aLatest issue consulted: volume 7, issue 4 (2023) (viewed June 20, 2023).
=650  \0$aPublic health$vPeriodicals.
=650  \0$aPublic health$xEnvironmental aspects$vPeriodicals.
=690  7\$aSocial Welfare$2blcoll
=710  2\$aQing hua da xue (Beijing, China)
=852  41$aBritish Library$bHMNTS$jELD Digital store$3Volume 1:Issue 1(2017)-
=856  4\$uhttps://www.ejeph.com/$xOA-J
=859  \\$aELD$bejournal
=985  \\$aISSN transferred from The Netherlands to the UK (20/01/20)
=985  \\$aISSN Description based on ISSN portal record
=985  \\$aISSN UK Centre: ROAD-OA.
=985  \\$aWorld coverage, no Euro subject bias
=985  \\$aCatalogued via VPN, June 2020
=985  \\$aISSN responsibility passed to ISSN Serbia (20/06/23)
=CAT  \\$a11205$b40$c20200115$lBLL01$h1125
=CAT  \\$a10806$b40$c20200120$lBLL01$h1057
=CAT  \\$a8124$b40$c20200618$lBLL01$h0910
=CAT  \\$a8124$b40$c20200618$lBLL01$h1200
=CAT  \\$aBATCH-SWP$c20200717$lBLL01$h2234
=CAT  \\$a10973$b40$c20220928$lBLL01$h0949
=CAT  \\$a10973$b40$c20220928$lBLL01$h0955
=CAT  \\$a10806$b40$c20230620$lBLL01$h0805
=FIN  \\$aY$d20200115
=FMT  \\$a  SE
=LAS  \\$a10806$b40$c20230620$lBLL01$h0805
=LET  \0$aEuropean journal of environment and public health (Electronic)
=MNI  \\$a2542-4904

