=LDR  03485cas a2200817 i 4500
=001  019764559
=003  Uk
=005  20230223171549.0
=006  m\\\\\\\\d\\\\\\\\
=007  cr\|n|||||||||
=008  201110c20209999njuqr\p\o\\\\\0\\\a0eng\\
=010  \\$a  2020203477
=022  0\$a2634-1581
=035  \\$a(OCoLC)1224928929$z(OCoLC)1191616637$z(OCoLC)1229167549$z(OCoLC)1229811641$z(OCoLC)1254073351
=037  \\$aISSN_26341581_2$bPortico$nWiley
=040  \\$aVT2$beng$cVT2$dSFB$dDLC$dOCLCO$dOCLCF$dWAU$dOCLCO$dUk$erda$epn
=042  \\$apcc$ansdp$aukblsr
=050  00$aTK2896
=082  10$a621.3124$223
=210  0\$aEnergy convers. econ.
=222  \0$aEnergy conversion and economics
=245  00$aEnergy conversion and economics.
=264  \1$a[Hoboken, New Jersey] :$bJohn Wiley & Sons,$c2020-
=300  \\$a1 online resource
=310  \\$aQuarterly
=336  \\$atext$2rdacontent
=337  \\$acomputer$2rdamedia
=338  \\$aonline resource$2rdacarrier
=362  1\$aBegan with: Volume 1, issue 1 (September 2020).
=540  \\$aCurrent copyright fee: zero$c35\0$5Uk
=550  \\$a"Co-published by the Institution of Engineering and Technology (IET) and the State Grid Economic and Technological Research Institute (SPERI)." - journal home page on publisher website, viewed 26 November 2021.
=588  0\$aVolume 1, issue 1 (September 2020); table of contents page (Wiley Online Library web site, viewed Dec. 18, 2020).
=588  1\$aVolume 2, issue 2 (June 2021) (Wiley, viewed September 16, 2021).
=650  \0$aEnergy conversion$vPeriodicals.
=650  \7$aEnergy conversion.$2fast$0(OCoLC)fst00910026
=655  \7$aPeriodicals.$2fast$0(OCoLC)fst01411641
=710  2\$aInstitution of Engineering and Technology,$eissuing body.
=710  2\$aGuo jia dian wang gong si (China),$eissuing body.
=852  41$aBritish Library$bHMNTS$jELD Digital store$3Volume 1:Issue 1(2020)-
=856  \\$31850-9999$uhttp://onlinelibrary.wiley.com/$xBLDSS
=856  40$uhttps://onlinelibrary.wiley.com/loi/26341581$xOA-J
=856  40$uhttps://ietresearch.onlinelibrary.wiley.com/journal/26341581$xOA-J
=859  \\$aELD$bejournal
=945  \\$aEnergy conversion and economics
=979  \\$aBritish Library$bDSC$j3747.546000N
=985  \\$aNO FILE - WFH RECORD.
=985  \\$aISSN responsibility passed to U.S. Center prior to completion (published by John Wiley) (Richard, 07/12/20)
=985  \\$aUpdated by MS generated file for WR2302-017
=CAT  \\$a10973$b40$c20200330$lBLL01$h1455
=CAT  \\$a10973$b40$c20200518$lBLL01$h0744
=CAT  \\$a10806$b40$c20201207$lBLL01$h1007
=CAT  \\$a5552$b40$c20210201$lBLL01$h0951
=CAT  \\$a5552$b40$c20210201$lBLL01$h1005
=CAT  \\$aBLDSS-3PM$b00$c20210217$lBLL01$h1348
=CAT  \\$aBATCH-UPD$b00$c20210217$lBLL01$h1349
=CAT  \\$a5410$b40$c20210223$lBLL01$h0027
=CAT  \\$a5410$b40$c20210224$lBLL01$h1101
=CAT  \\$a15005$b40$c20210813$lBLL01$h1348
=CAT  \\$a15005$b40$c20210813$lBLL01$h1349
=CAT  \\$a15005$b40$c20210813$lBLL01$h1351
=CAT  \\$a14586$b40$c20210821$lBLL01$h1001
=CAT  \\$a11315$b40$c20211126$lBLL01$h1239
=CAT  \\$aW2302-0174$c20230223$lBLL01$h2046
=CFI  0\$aCurrent copyright fee: zero$c35\0$e29-jan-2021$fGBP0.00$g0$hP$5Uk
=FFP  \\$aY$bBLDSS-3PM
=FIN  \\$aY$d20211126
=FMT  \\$a  SE
=LAS  \\$aW2302-0174$b00$c20230223$lBLL01$h2046
=SID  \\$aZ39$bOCLC
=TOC  \\$aETOC
=UNO  \\$aY

