=LDR  03907cas a2200901 i 4500
=001  020160386
=003  Uk
=005  20230426111132.0
=006  m\\\\\o\\d\\\\\\\\
=007  cr\|||||||||||
=008  150619c20149999ko\qr\p\o\\\\\|\\\a0eng\c
=010  \\$a  2016252990
=016  7\$a2821811-5.$2DE-600
=022  \\$a2288-5048
=035  \\$a(OCoLC)911198270$z(OCoLC)911188781$z(OCoLC)983782465$z(OCoLC)1019913986$z(OCoLC)1076430753$z(OCoLC)1102610224$z(OCoLC)1165391080$z(OCoLC)1165708841$z(OCoLC)1193540397
=037  \\$aISSN_22885048_4$bPortico$nOXFORD UNIVERSITY PRESS
=040  \\$aHNK$beng$cHNK$dOCLCO$dOCLCF$dOCLCO$dOH1$dCUS$dOCLCO$dWAU$dOCLCO$dVT2$dHS0$dBWN$dOCLCQ$dUk$erda
=042  \\$aukblsr
=050  14$aTA345
=082  04$a620.0042$223
=210  0\$aJ. computational des. eng.$b(Online)
=222  \0$aJournal of computational design and engineering$b(Online)
=245  00$aJournal of computational design and engineering.
=246  13$aJCDE
=246  1\$aJ. comput. des. eng
=264  \1$aSeoul, Korea :$bSociety of CAD/CAM Engineers
=300  \\$a1 online resource
=310  \\$aQuarterly
=336  \\$atext$2rdacontent
=337  \\$acomputer$2rdamedia
=338  \\$aonline resource$2rdacarrier
=362  1\$aBegan with volume 1, issue 1 (January 2014).
=500  \\$aProduction and hosting company varies.
=515  \\$aJanuary 2014 also called Inaugural issue.
=540  \\$aCurrent copyright fee: zero$c29\0$5Uk
=588  \\$aDescription based on: volume 1, issue 1 (January 2014); title from article PDF (ScienceDirect, viewed Aug. 9, 2016).
=588  \\$aLatest issue consulted: volume 8, issue 5 (October 2021) (Oxford Academic, viewed November 15, 2021).
=650  \0$aEngineering$xData processing$vPeriodicals.
=650  \0$aComputer-aided design$vPeriodicals.
=650  \7$aComputer-aided design.$2fast$0(OCoLC)fst00872701
=650  \7$aEngineering$xData processing.$2fast$0(OCoLC)fst00910334
=653  \\$aApplied Mathematics
=655  \0$aElectronic journals.
=655  \4$aElectronic journals.
=655  \7$aPeriodicals.$2fast$0(OCoLC)fst01411641
=710  2\$aSociety of CAD/CAM Engineers,$eissuing body.
=776  08$iPrint version:$aJournal of computational design and engineering$x2288-4300
=852  41$aBritish Library$bHMNTS$jELD Digital store$3Volume 1:Issue 1(2014)-
=856  \\$31850-9999$uhttp://www.oxfordjournals.org/$xBLDSS
=856  40$uhttp://bibpurl.oclc.org/web/76338$uhttp://www.jcde.org/$70
=856  40$uhttp://www.sciencedirect.com/science/journal/22884300
=856  40$uhttp://www.journals.elsevier.com/journal-of-computational-design-and-engineering
=856  40$uhttps://academic.oup.com/jcde
=859  \\$aELD$bejournal
=945  \\$aJournal of Computational Design and Engineering
=979  \\$aBritish Library$bDSC$j4963.461500N
=985  \\$aISSN responsibility transfer from ISSN Korea to UK declined - publisher is still CDE in Seoul, Korea. See email from Korea dated 11/11/21 (Richard, 15/11/21)
=CAT  \\$a5552$b40$c20210415$lBLL01$h1203
=CAT  \\$aBLDSS-3PM$b00$c20210422$lBLL01$h1235
=CAT  \\$aBATCH-UPD$b00$c20210422$lBLL01$h1238
=CAT  \\$a14586$b40$c20210426$lBLL01$h1359
=CAT  \\$a5410$b40$c20210429$lBLL01$h1113
=CAT  \\$a5410$b40$c20210429$lBLL01$h1114
=CAT  \\$a10806$b40$c20211019$lBLL01$h1143
=CAT  \\$a10806$b40$c20211115$lBLL01$h1042
=CAT  \\$a10806$b40$c20211115$lBLL01$h1052
=CAT  \\$a10806$b40$c20211115$lBLL01$h1057
=CAT  \\$a10806$b40$c20211115$lBLL01$h1103
=CAT  \\$aBATCH-SUPP$c20230426$lBLL01$h1111
=CFI  0\$aCurrent Copyright Fee: zero$c29\0$e15-apr-2021$fGBP0.00$g0$hP$5Uk
=FFP  \\$aY$bBLDSS-3PM
=FIN  \\$aY$d20211115
=FMT  \\$a  SE
=LAS  \\$aBATCH-SUPP$b00$c20230426$lBLL01$h1111
=MNI  \\$a2288-4300
=SID  \\$aZ39$bOCLC
=TOC  \\$aETOC
=UNO  \\$aY

