=LDR  03179cas a2200769 i 4500
=001  020167245
=003  Uk
=005  20211105082841.0
=006  m\\\\\\\\d\\\\\\\\
=007  cr\|||||||||||
=008  210421c19939999nyutr\p\o\\\\\0\\\a0eng\\
=022  \\$a2377-6110$y2377-6102
=037  \\$aISSN_23776110_74$bPortico$nLippincott Williams & Wilkins
=040  \\$aUk$beng$cUk$erda
=042  \\$aukblsr
=082  04$a615.853$223
=222  \0$aJournal of aquatic physical therapy$b(Online)
=245  00$aJournal of aquatic physical therapy.
=246  3\$aJAPT
=246  1\$iEarlier issues:$aAquatic physical therapy report
=264  \1$aFairhope, AL :$bThe Section,$c1993-
=264  21$3<2012->$aAlexandria, VA :$bAquatic Physical Therapy Section, American Physical Therapy Association
=264  31$32021-$a[New York, New York?] :$bWolters Kluwer
=310  \\$aThree times a year,$b2021-
=321  \\$aSemiannual
=336  \\$atext$2rdacontent
=337  \\$acomputer$2rdamedia
=338  \\$aonline resource$2rdacarrier
=362  0\$aVol. 1, no. 1 (January 1993)-
=538  \\$aMode of access: World Wide Web.
=540  \\$aCurrent copyright fee: GBP32.00$c20\0$5Uk
=550  \\$aOfficial journal of APTA Aquatic Physical Therapy Section.
=588  \\$aLatest issue consulted: volume 29, issue 1 (January/April 2021) (viewed November 5, 2021).
=650  \0$aHydrotherapy$vPeriodicals.
=650  \0$aPhysical therapy$vPeriodicals.
=710  2\$aAmerican Physical Therapy Association.$bAquatic Physical Therapy Section,$eissuing body.
=776  08$iAlso issued in print as:$tJournal of aquatic physical therapy$x2377-6102
=852  \\$aBritish Library$bDSC$j4947.159700
=852  41$aBritish Library$bHMNTS$jELD Digital store$3Volume 23:Issue 1(2015)-
=856  40$31850-9999$uhttp://journals.lww.com/pages/default.aspx$xBLDSS
=856  40$uhttps://journals.lww.com/japt/pages/default.aspx
=859  \\$aELD$bejournal
=945  \\$aJournal of Aquatic Physical Therapy
=959  \\$fCurrently received
=985  \\$aISSN in provisional status at 05/11/21. 222 not confirmed (U.S. responsibility) (Richard, 05/11/21)
=CAT  \\$a12654$b40$c20210421$lBLL01$h0852
=CAT  \\$a5410$b40$c20210422$lBLL01$h1227
=CAT  \\$aBLDSS-3PM$b00$c20210426$lBLL01$h1240
=CAT  \\$aBATCH-UPD$b00$c20210426$lBLL01$h1252
=CAT  \\$aBATCH-UNOA$c20210427$lBLL01$h2106
=CAT  \\$a5552$b40$c20210517$lBLL01$h0920
=CAT  \\$a15005$b40$c20210521$lBLL01$h1125
=CAT  \\$a14586$b40$c20211021$lBLL01$h1809
=CAT  \\$a10806$b40$c20211105$lBLL01$h0824
=CAT  \\$a10806$b40$c20211105$lBLL01$h0825
=CAT  \\$a10806$b40$c20211105$lBLL01$h0828
=CFI  0\$aCurrent copyright fee: GBP32.00$c20\0$e21-apr-2021$fGBP32.00$g0$hP$5Uk
=EST  \\$a1
=FFP  \\$aY$bBLDSS-3PM
=FIN  \\$aY$d20211105
=FMT  \\$a  SE
=LAS  \\$a10806$b40$c20211105$lBLL01$h0828
=LET  \0$aJournal of aquatic physical therapy (Electronic)
=LKR  \\$aPAR$b010488073$lBLL01$r776$mJournal of aquatic physical therapy (Online)$nJournal of aquatic physical therapy (Print)
=MNI  \\$a2377-6102
=TOC  \\$aETOC
=UNO  \\$aY

