=LDR  02130cas a2200565 i 4500
=001  020213366
=003  Uk
=005  20211001161105.0
=006  m\\\\\|\\d\|\\\\\\
=007  cr\|||||||||||
=008  210603c20209999enkfr\p\o\\\\\0\\\a0eng\\
=015  \\$aGBC1G4188$2bnb
=022  0\$a2184-6006
=037  \\$a???$bUbiquity Press Ltd
=040  \\$aUk$beng$cUk$erda
=041  0\$aeng$apor
=042  \\$aukblsr
=082  04$a820.5$223
=222  \0$aAnglo saxónica$b(Em linha)
=245  00$aAnglo saxonica.
=264  \1$aLondon :$bUbiquity Press Ltd
=310  \\$aAnnual,$b2021-
=321  \\$aSemiannual,$b2020
=336  \\$atext$2rdacontent
=337  \\$acomputer$2rdamedia
=338  \\$aonline resource$2rdacarrier
=362  0\$aNumber 17, issue 1 (2020)-
=500  \\$aTitle from journal homepage (publisher's website, viewed October 1, 2021).
=515  \\$aArticles are added consecutively to current annual volume.
=546  \\$aText in English or Portuguese.
=550  \\$aPublished on behalf of University of Lisbon Centre for English Studies.
=588  \\$aLatest issue consulted: volume 19, issue 1 (2021) (viewed October 1, 2021).
=650  \0$aEnglish language$vPeriodicals.
=650  \0$aEnglish literature$xHistory and criticism$vPeriodicals.
=710  2\$aUniversidade de Lisboa.$bCentro de Estudos Anglísticos,$eissuing body.
=780  00$iPreviously published in print as:$tAnglo saxonica$x0873-0628
=852  41$aBritish Library$bHMNTS$jELD Digital store$3Volume 17:Issue 1(2019)-
=856  40$uhttps://www.revista-anglo-saxonica.org/$xOA-J
=859  \\$aELD$bejournal
=985  \\$aISSN UK Centre note: ROAD OA
=985  \\$aResponsibility for ISSN needs tranferring from Portual ISSN Centre to ISSN UK.
=CAT  \\$a11450$b40$c20210603$lBLL01$h1101
=CAT  \\$a11450$b40$c20210603$lBLL01$h1102
=CAT  \\$a11315$b40$c20211001$lBLL01$h1501
=CAT  \\$a11315$b40$c20211001$lBLL01$h1608
=CAT  \\$a11315$b40$c20211001$lBLL01$h1611
=FIN  \\$aY$d20211001
=FMT  \\$a  SE
=LAS  \\$a11315$b40$c20211001$lBLL01$h1611
=LET  \0$aAnglo saxonica (Electronic)

