=LDR  02020cas a2200553 i 4500
=001  020213377
=003  Uk
=005  20230621122654.0
=006  m\\\\\|\\d\|\\\\\\
=007  cr\|||||||||||
=008  210603c20059999enkar\p\o\\\\\0\\\a0eng\\
=015  \\$aGBC1H5495$2bnb
=022  0\$a1715-0736
=037  \\$a???$bUbiquity Press Ltd
=037  3\$aISSN_17150736_1241$bPortico$nOpen Library of Humanities
=040  \\$aUk$beng$cUk$erda
=042  \\$aukblsr
=082  04$a909.07$223
=222  \0$aDigital medievalist
=245  00$aDigital medievalist.
=246  13$aDM
=264  \1$aLethbridge, AB :$bUniversity of Alberta,$c2005-
=264  31$aCambridge :$bOpen Humanities Library
=310  \\$aAnnual
=336  \\$atext$2rdacontent
=337  \\$acomputer$2rdamedia
=338  \\$aonline resource$2rdacarrier
=362  0\$aVolume 1 (2005)-
=500  \\$aTitle from journal homepage (publisher's website, viewed October 22, 2021).
=515  \\$aArticles are added consecutively to current annual volume.
=588  \\$aLatest issue consulted: 14 (1), article published on 9 July 2021 (viewed 22 October 2021).
=650  \0$aDigital media$vPeriodicals.
=650  \0$aCivilization, Medieval$xStudy and teaching$vPeriodicals.
=650  \0$aMiddle Ages$xStudy and teaching$vPeriodicals.
=852  41$aBritish Library$bHMNTS$jELD Digital store$3Volume 11:Issue 1(2018)-
=856  40$uhttps://journal.digitalmedievalist.org/$xOA-J
=859  \\$aELD$bejournal
=985  \\$aISSN UK Centre note: ROAD OA
=985  \\$aISSN responsibility to be transferred from Canada to UK.
=CAT  \\$a11450$b40$c20210603$lBLL01$h1126
=CAT  \\$a11315$b40$c20211022$lBLL01$h1445
=CAT  \\$a11315$b40$c20211022$lBLL01$h1449
=CAT  \\$a15020$b40$c20230524$lBLL01$h1417
=CAT  \\$a15020$b40$c20230524$lBLL01$h1422
=CAT  \\$a14586$b40$c20230608$lBLL01$h0858
=CAT  \\$a11033$b40$c20230621$lBLL01$h1226
=FIN  \\$aY$d20211022
=FMT  \\$a  SE
=LAS  \\$a11033$b40$c20230621$lBLL01$h1226

