=LDR  02310cas a2200565 i 4500
=001  020274661
=003  Uk
=005  20230821111436.0
=006  m\\\\\|\\d\|\\\\\\
=007  cr\|||||||||||
=008  210728c20039999vauar\j\o\\\\\0\\\a0eng\\
=015  \\$aGBC1C0098$2bnb
=022  \\$a2756-1224
=040  \\$aUk$beng$cUk$erda
=042  \\$aukblsr
=082  04$a490$223
=222  \0$aLanguage documentation and description$b(Online)
=245  00$aLanguage documentation and description.
=264  \1$aLondon (Dept. of Linguistics, SOAS, Thornhaugh St., Russell Sq., London WC1H 0XG) :$bHans Rausing Endangered Languages Project,$c2003-
=264  21$aLondon :$bEL Publishing Department of Linguistics SOAS, University of London
=264  31$32022-$aCharlottesville, VA :$bAperio
=310  \\$aAnnual
=336  \\$atext$2rdacontent
=337  \\$acomputer$2rdamedia
=338  \\$aonline resource$2rdacarrier
=362  1\$aPrint began with volume 1 in 2003.
=588  \\$aDescription based on: Print version record.
=588  \\$aLatest issue consulted: volume 23, issue 1 (2023) (journal website, viewed August 21, 2023).
=650  \0$aEndangered languages$vPeriodicals.
=650  \0$aLinguistics$vPeriodicals.
=650  \0$aLinguistic minorities$vPeriodicals.
=710  2\$aHans Rausing Endangered Languages Project.
=776  08$iPrint version -2014:$tLanguage documentation and description$x1740-6234
=852  41$aBritish Library$bHMNTS$jELD Digital store$3Volume 13(2016)-
=856  4\$uhttp://www.elpublishing.org/publications$zLink no longer valid
=856  40$uhttps://lddjournal.org/
=859  \\$aELD$bejournal
=985  \\$aWFH record (CS) 2021
=985  \\$aISSN responsibility passed to U.S. Center, 21/08/23.
=CAT  \\$a8124$b40$c20210728$lBLL01$h1233
=CAT  \\$a8124$b40$c20210728$lBLL01$h1234
=CAT  \\$a8124$b40$c20210728$lBLL01$h1237
=CAT  \\$a10806$b40$c20230821$lBLL01$h1106
=CAT  \\$a10806$b40$c20230821$lBLL01$h1114
=FIN  \\$aY$d20210728
=FMT  \\$a  SE
=LAS  \\$a10806$b40$c20230821$lBLL01$h1114
=LET  \0$aLanguage documentation and description (Electronic)
=LKR  \\$aPAR$b012918725$lBLL01$r776$mLanguage documentation and description (Online)$nLanguage documentation and description (Print)
=MNI  \\$a1740-6234

