=LDR  02412cas a2200565 i 4500
=001  020441653
=003  Uk
=005  20221201080013.0
=006  m\\\\\|\\d\|\\\\\\
=007  cr\|||||||||||
=008  220111c19989999enkar\\\or\\\\0\\\a0eng\\
=015  \\$aGBC200878$2bnb
=022  \\$a2756-1550
=040  \\$aUk$beng$cUk$dUk$erda
=042  \\$aukblsr
=082  04$a289.141$223
=110  2\$aGeneral Assembly of Unitarian and Free Christian Churches,$eauthor.
=222  \0$aDirectory$b(The General Assembly of Unitarian and Free Christian Churches. Online)
=245  10$aDirectory.
=246  1\$iMinor change of title:$aDirectory/ handbook,$f2022/2023-
=264  \1$aLondon :$bGeneral Assembly of Unitarian and Free Christian Churches
=310  \\$aAnnual
=336  \\$atext$2rdacontent
=337  \\$acomputer$2rdamedia
=338  \\$aonline resource$2rdacarrier
=362  1\$aPrint began in 1968.
=580  \\$aPrint continues in part: Year book of the General Assembly.
=588  \\$aDescription based on: Print version record.
=588  \\$aLatest issue consulted: 2022/2023.
=610  20$aGeneral Assembly of Unitarian and Free Christian Churches$vDirectories.
=650  \0$aUnitarian churches in Great Britain$vDirectories.
=776  08$iAlso issued in print as :$aGeneral Assembly of Unitarian and Free Christian Churches.$sDirectory (The General Assembly of Unitarian and Free Christian Churches)$x1747-2008
=852  41$aBritish Library$bHMNTS$jELD Digital store$3(2020/2021)-
=856  4\$uhttps://www.unitarian.org.uk/$zTo search
=859  \\$aELD$bejournal
=985  \\$aViewed as supplied PDF only, CS. Print version suspended during pandemic, unclear if will resume
=985  \\$aWFH record (CS) 2022
=985  \\$aISSN responsibility passed to IC (International Organisation) (20/01/22)
=CAT  \\$a8124$b40$c20220111$lBLL01$h0829
=CAT  \\$a8124$b40$c20220111$lBLL01$h0830
=CAT  \\$a8124$b40$c20220111$lBLL01$h0837
=CAT  \\$a10806$b40$c20220118$lBLL01$h1444
=CAT  \\$a10806$b40$c20220121$lBLL01$h1158
=CAT  \\$a8124$b40$c20221201$lBLL01$h0800
=FIN  \\$aY$d20220111
=FMT  \\$a  SE
=LAS  \\$a8124$b40$c20221201$lBLL01$h0800
=LET  \0$aDirectory - The General Assembly of Unitarian and Free Christian Churches (Electronic)
=LKR  \\$aPAR$b007169289$lBLL01$r776$mDirectory (Online)$nDirectory (Print)
=MNI  \\$a1747-2008

