=LDR  02178cas a2200469 i 4500
=001  020449939
=003  Uk
=005  20220127160257.0
=006  m\\\\\\\\d\|\\\\\\
=007  cr\|||||||||||
=008  220118c192u9999enkar\p\o\\\\\0\\\a0eng\\
=022  \\$a2754-5660
=040  \\$aUk$beng$cUk$dUk$erda
=042  \\$aukblsr
=082  04$a289.106041$223
=110  2\$aGeneral Assembly of Unitarian and Free Christian Churches,$eauthor.
=222  \0$aAnnual reports$b(General Assembly of Unitarian and Free Christian Churches. Online)
=245  10$aAnnual report :$bSubmitted at the annual meeting of the Assembly ...
=264  \1$aLondon :$b[General Assembly of Unitarian and Free Christian Churches]
=310  \\$aAnnual
=336  \\$atext$2rdacontent
=337  \\$acomputer$2rdamedia
=338  \\$aonline resource$2rdacarrier
=500  \\$aSubtitle dropped on later issues <2018>-
=550  \\$aOn cover: General Assembly of Unitarian and Free Christian Churches <-2019>; 2020- : the unitarians.
=588  \\$aDescription based on print version record.
=588  \\$aLatest issue consulted: 2020 (viewed January 18, 2022).
=610  20$aGeneral Assembly of Unitarian and Free Christian Churches$vPeriodicals.
=776  08$iPrint version, -2017:$aGeneral Assembly of Unitarian and Free Christian Churches.$tAnnual report$x2754-5679
=852  41$aBritish Library$bHMNTS$jELD Digital store$3(2018)-
=856  4\$uhttps://www.unitarian.org.uk/$zTo subscribe
=859  \\$aELD$bejournal
=985  \\$aISSN responsibility passed to IC (International Organisation) (20/01/22)
=CAT  \\$a10806$b40$c20220118$lBLL01$h1511
=CAT  \\$a10806$b40$c20220121$lBLL01$h1157
=CAT  \\$a3072$b40$c20220127$lBLL01$h1558
=CAT  \\$a3072$b40$c20220127$lBLL01$h1602
=FIN  \\$aY$d20220118
=FMT  \\$a  SE
=LAS  \\$a3072$b40$c20220127$lBLL01$h1602
=LET  \0$aAnnual reports - General Assembly of Unitarian and Free Christian Churches (Electronic)
=LKR  \\$aPAR$b001126383$lBLL01$r776$mAnnual reports (General Assembly of Unitarian and Free Christian Churches. Online)$nAnnual reports (General Assembly of Unitarian and Free Christian Churches. Print)

