=LDR  02184cas a22005418i 4500
=001  020679255
=003  Uk
=005  20230814102104.0
=006  m\\\\\\\\d\|\\\\\\
=007  cr||||||||||||
=008  220713c20239999stkfr\p\o\\\\\0\\\a0eng\\
=022  0\$a2753-6521$202
=037  \\$aISSN_25453556_52$bPortico$nEdinburgh University Press
=040  \\$aUk$beng$cUk$erda
=082  04$a973$223
=222  \4$aThe new Americanist$b(Online)
=245  04$aThe new Americanist.
=263  \\$a202305
=264  \1$aEdinburgh :$bEdinburgh University Press
=310  \\$aSemiannual
=336  \\$atext$2rdacontent
=337  \\$acomputer$2rdamedia
=338  \\$aonline resource$2rdacarrier
=540  \\$aCurrent copyright fee: zero$c121\0$5Uk
=852  41$aBritish Library$bHMNTS$jELD Digital store$3Volume 2:Issue 1(2023)-
=856  \\$31850-9999$uhttp://www.euppublishing.com/journals$xBLDSS
=859  \\$aELD$bejournal
=945  \\$aNew Americanist
=979  \\$aBritish Library$bDSC$j6081.877600N
=985  \\$aISSN UK Centre: EUP will also be taking over the print format version (ISSN 2545-3556) - ISSN Poland responsibility, please notify ISSN UK Centre on completion. Queried with ISSN Poland if they wished to assign to existing PDF issues found online (https://newamericanist.wordpress.com/issues/ ) but no reply to emails. Assigned ahead of publication to EUP. (DLW).
=CAT  \\$a10973$b40$c20220713$lBLL01$h0931
=CAT  \\$a10973$b40$c20220713$lBLL01$h0933
=CAT  \\$a11450$b40$c20230321$lBLL01$h0954
=CAT  \\$a14586$b40$c20230421$lBLL01$h1335
=CAT  \\$a12654$b40$c20230718$lBLL01$h1056
=CAT  \\$a12654$b40$c20230718$lBLL01$h1102
=CAT  \\$aBLDSS-3PM$b00$c20230724$lBLL01$h1251
=CAT  \\$aBATCH-UPD$b00$c20230724$lBLL01$h1252
=CAT  \\$a5410$b40$c20230727$lBLL01$h1221
=CAT  \\$a5410$b40$c20230731$lBLL01$h1138
=CAT  \\$a5410$b40$c20230814$lBLL01$h1020
=CAT  \\$a5410$b40$c20230814$lBLL01$h1021
=CFI  0\$aCurrent copyright fee: zero$c121\0$e18-jul-2023$fGBP0.00$g0$hP$5Uk
=FFP  \\$aY$bBLDSS-3PM
=FMT  \\$a  SE
=LAS  \\$a5410$b40$c20230814$lBLL01$h1021
=MNI  \\$a2545-3556
=TOC  \\$aETOC

