=LDR  03278cas a2200805 i 4500
=001  020996482
=003  Uk
=005  20231013132821.0
=006  m\\\\\|\\d\|\\\\\\
=007  cr\|||||||||||
=008  230321c20039999stkfr\j\o\\\\\0\\\a0eng\\
=022  \\$a1923-5763
=037  \\$aISSN_19235755_52$bPortico$nEdinburgh University Press
=040  \\$aUk$beng$cUk$erda
=042  \\$aukblsr
=082  04$a941.1$223
=222  \0$aInternational review of Scottish studies.$b(Online)
=245  00$aInternational Review of Scottish Studies
=264  \1$aOntario, Canada :$bScottish Studies Foundation
=264  31$32023-$aEdinburgh :$bEdinburgh University Press
=310  \\$aSemiannual
=321  \\$aAnnual
=336  \\$atext$2rdacontent
=337  \\$acomputer$2rdamedia
=338  \\$aonline resource$2rdacarrier
=362  0\$aVol. 28 (2003)-
=500  \\$aTitle from PDF article (OJS/PKP Platform, viewed October 4, 2023).
=540  \\$aCurrent copyright fee: zero$c121\0$5Uk
=588  \\$aLatest issue consulted: volume 48, issue 1 (2023) (Edinburgh University Press, viewed October 4, 2023).
=650  \7$aScots.$2fast$0(OCoLC)fst01109125
=650  \7$aCulture.$2fast$0(OCoLC)fst00885059
=651  \7$aCanada.$2fast$0(OCoLC)fst01204310
=655  \7$aHistory.$2fast$0(OCoLC)fst01411628
=655  \7$aPeriodicals.$2fast$0(OCoLC)fst01411641
=710  2\$aScottish Studies Foundation,$eissuing body.
=710  2\$aUniversity of Guelph.$bCentre for Scottish Studies.
=776  08$iAlso issued in print as:$tInternational review of Scottish studies$x1923-5755
=780  00$tScottish tradition
=852  41$aBritish Library$bHMNTS$jELD Digital store$3Volume 48(2023)-
=856  40$uhttps://euppublishing.com/loi/irss
=856  40$uhttps://www.irss.uoguelph.ca/index.php/irss/index
=856  \\$31850-9999$uhttp://www.euppublishing.com/journals$xBLDSS
=859  \\$aELD$bejournal
=945  \\$aInternational Review of Scottish Studies
=979  \\$aBritish Library$bDSC$j4547.725500N
=985  \\$aISSN UK Centre: transfer of responsibility request sent to ISSN Canada 6/10/23 DLW.
=CAT  \\$a11450$b40$c20230321$lBLL01$h0929
=CAT  \\$a14586$b40$c20230421$lBLL01$h1334
=CAT  \\$a14586$b40$c20230421$lBLL01$h1335
=CAT  \\$a12654$b40$c20230718$lBLL01$h1052
=CAT  \\$aBLDSS-3PM$b00$c20230724$lBLL01$h1251
=CAT  \\$aBATCH-UPD$b00$c20230724$lBLL01$h1252
=CAT  \\$a5410$b40$c20230727$lBLL01$h1219
=CAT  \\$a5410$b40$c20230731$lBLL01$h1144
=CAT  \\$a5410$b40$c20230814$lBLL01$h1017
=CAT  \\$a8483$b40$c20231005$lBLL01$h0926
=CAT  \\$a8483$b40$c20231005$lBLL01$h0929
=CAT  \\$a8483$b40$c20231005$lBLL01$h0930
=CAT  \\$a8483$b40$c20231005$lBLL01$h0931
=CAT  \\$a10973$b40$c20231006$lBLL01$h1026
=CAT  \\$a10973$b40$c20231006$lBLL01$h1108
=CAT  \\$a10806$b40$c20231013$lBLL01$h1328
=CFI  0\$aCurrent copyright fee: zero$c121\0$e18-jul-2023$fGBP0.00$g0$hP$5Uk
=FFP  \\$aY$bBLDSS-3PM
=FIN  \\$aY$d20231005
=FMT  \\$a  SE
=LAS  \\$a10806$b40$c20231013$lBLL01$h1328
=LKR  \\$aPAR$b013434443$lBLL01$r776$mInternational review of Scottish studies (Online)$nInternational review of Scottish studies
=MNI  \\$a1923-5755
=TOC  \\$aETOC

